%YAML 1.1
%TAG !u! tag:unity3d.com,2011:
--- !u!1 &588955356568401169
GameObject:
  m_ObjectHideFlags: 0
  m_CorrespondingSourceObject: {fileID: 0}
  m_PrefabInstance: {fileID: 0}
  m_PrefabAsset: {fileID: 0}
  serializedVersion: 6
  m_Component:
  - component: {fileID: 5044668425857113065}
  - component: {fileID: 8615080313986592827}
  - component: {fileID: 8569889089879710047}
  m_Layer: 10
  m_Name: ManageButton
  m_TagString: Untagged
  m_Icon: {fileID: 0}
  m_NavMeshLayer: 0
  m_StaticEditorFlags: 0
  m_IsActive: 1
--- !u!4 &5044668425857113065
Transform:
  m_ObjectHideFlags: 0
  m_CorrespondingSourceObject: {fileID: 0}
  m_PrefabInstance: {fileID: 0}
  m_PrefabAsset: {fileID: 0}
  m_GameObject: {fileID: 588955356568401169}
  m_LocalRotation: {x: -0, y: 1, z: -0, w: 0}
  m_LocalPosition: {x: 0.008141633, y: 1.3596027, z: 0.032566532}
  m_LocalScale: {x: 0.4999999, y: 0.4999999, z: 1}
  m_Children: []
  m_Father: {fileID: 1907502235244263731}
  m_RootOrder: 1
  m_LocalEulerAnglesHint: {x: 0, y: 180, z: 0}
--- !u!212 &8615080313986592827
SpriteRenderer:
  m_ObjectHideFlags: 0
  m_CorrespondingSourceObject: {fileID: 0}
  m_PrefabInstance: {fileID: 0}
  m_PrefabAsset: {fileID: 0}
  m_GameObject: {fileID: 588955356568401169}
  m_Enabled: 1
  m_CastShadows: 0
  m_ReceiveShadows: 0
  m_DynamicOccludee: 1
  m_MotionVectors: 1
  m_LightProbeUsage: 1
  m_ReflectionProbeUsage: 1
  m_RenderingLayerMask: 1
  m_RendererPriority: 0
  m_Materials:
  - {fileID: 10754, guid: 0000000000000000f000000000000000, type: 0}
  m_StaticBatchInfo:
    firstSubMesh: 0
    subMeshCount: 0
  m_StaticBatchRoot: {fileID: 0}
  m_ProbeAnchor: {fileID: 0}
  m_LightProbeVolumeOverride: {fileID: 0}
  m_ScaleInLightmap: 1
  m_ReceiveGI: 1
  m_PreserveUVs: 0
  m_IgnoreNormalsForChartDetection: 0
  m_ImportantGI: 0
  m_StitchLightmapSeams: 1
  m_SelectedEditorRenderState: 0
  m_MinimumChartSize: 4
  m_AutoUVMaxDistance: 0.5
  m_AutoUVMaxAngle: 89
  m_LightmapParameters: {fileID: 0}
  m_SortingLayerID: 0
  m_SortingLayer: 0
  m_SortingOrder: 0
  m_Sprite: {fileID: 21300000, guid: 4fbb62cd99a010f4cb1cd914ba04cc4a, type: 3}
  m_Color: {r: 1, g: 1, b: 1, a: 1}
  m_FlipX: 0
  m_FlipY: 0
  m_DrawMode: 0
  m_Size: {x: 7.68, y: 7.68}
  m_AdaptiveModeThreshold: 0.5
  m_SpriteTileMode: 0
  m_WasSpriteAssigned: 1
  m_MaskInteraction: 0
  m_SpriteSortPoint: 0
--- !u!114 &8569889089879710047
MonoBehaviour:
  m_ObjectHideFlags: 0
  m_CorrespondingSourceObject: {fileID: 0}
  m_PrefabInstance: {fileID: 0}
  m_PrefabAsset: {fileID: 0}
  m_GameObject: {fileID: 588955356568401169}
  m_Enabled: 1
  m_EditorHideFlags: 0
  m_Script: {fileID: 11500000, guid: d3c7d1790d1023e4bbd82ee618a29abf, type: 3}
  m_Name: 
  m_EditorClassIdentifier: 
  pcControl: {fileID: 21300000, guid: b1bac6704783ed44e93a28ba614e2b95, type: 3}
  ps4Control: {fileID: 21300000, guid: a7431f7e2bd997449bb3226ce03f89e5, type: 3}
  XboxControl: {fileID: 21300000, guid: 7f34e7d80d8d8d84bb325b4551bdf4bf, type: 3}
--- !u!114 &4257125358479859191
MonoBehaviour:
  m_ObjectHideFlags: 0
  m_CorrespondingSourceObject: {fileID: 0}
  m_PrefabInstance: {fileID: 0}
  m_PrefabAsset: {fileID: 0}
  m_GameObject: {fileID: 1281379416431145801}
  m_Enabled: 1
  m_EditorHideFlags: 0
  m_Script: {fileID: 11500000, guid: 112fb406d1139974ba54d3dd962ea5f2, type: 3}
  m_Name: 
  m_EditorClassIdentifier: 
  stats: {fileID: 8515257036218038507}
  moods: 
  displayFrequency: 10
  displayTimer: 6
  bubbleScale: 0.8
  happyEmote: {fileID: 4512379096179278346}
  angryEmote: {fileID: 6436840364717034157}
  hungryEmote: {fileID: 1492188337422798900}
  thirstyEmote: {fileID: 1434551285681952761}
  indifferentEmote: {fileID: 5663471511453907122}
--- !u!114 &8515257037652542709
MonoBehaviour:
  m_ObjectHideFlags: 0
  m_CorrespondingSourceObject: {fileID: 0}
  m_PrefabInstance: {fileID: 0}
  m_PrefabAsset: {fileID: 0}
  m_GameObject: {fileID: 1281379416431145801}
  m_Enabled: 1
  m_EditorHideFlags: 0
  m_Script: {fileID: 11500000, guid: a880feeaff1ed87458a8cc350c7fd34f, type: 3}
  m_Name: 
  m_EditorClassIdentifier: 
  rotationPoint: {fileID: 8515257036218038504}
  fadeScalar: 4
  renderers:
  - {fileID: 244659344862874837}
  - {fileID: 8059175575134464098}
  - {fileID: 6980464173867485830}
  - {fileID: 1852108620430738493}
  - {fileID: 4532016757348026104}
  - {fileID: 7780290285962211547}
  - {fileID: 3669169742404713184}
--- !u!1 &3175516816854487079
GameObject:
  m_ObjectHideFlags: 0
  m_CorrespondingSourceObject: {fileID: 0}
  m_PrefabInstance: {fileID: 0}
  m_PrefabAsset: {fileID: 0}
  serializedVersion: 6
  m_Component:
  - component: {fileID: 1907502235244263731}
  - component: {fileID: 1320258959498661826}
  m_Layer: 10
  m_Name: DiegeticUI
  m_TagString: Untagged
  m_Icon: {fileID: 0}
  m_NavMeshLayer: 0
  m_StaticEditorFlags: 0
  m_IsActive: 1
--- !u!4 &1907502235244263731
Transform:
  m_ObjectHideFlags: 0
  m_CorrespondingSourceObject: {fileID: 0}
  m_PrefabInstance: {fileID: 0}
  m_PrefabAsset: {fileID: 0}
  m_GameObject: {fileID: 3175516816854487079}
  m_LocalRotation: {x: -0, y: -0, z: -0, w: 1}
  m_LocalPosition: {x: 0, y: 0.15, z: 0}
  m_LocalScale: {x: 1.2283, y: 1.2283, z: 0.61415}
  m_Children:
  - {fileID: 9045287706001224624}
  - {fileID: 5044668425857113065}
  m_Father: {fileID: 8515257036218038504}
  m_RootOrder: 0
  m_LocalEulerAnglesHint: {x: 0, y: 0, z: 0}
--- !u!114 &1320258959498661826
MonoBehaviour:
  m_ObjectHideFlags: 0
  m_CorrespondingSourceObject: {fileID: 0}
  m_PrefabInstance: {fileID: 0}
  m_PrefabAsset: {fileID: 0}
  m_GameObject: {fileID: 3175516816854487079}
  m_Enabled: 1
  m_EditorHideFlags: 0
  m_Script: {fileID: 11500000, guid: 655df9427fc7cb640a410832f7aa0df4, type: 3}
  m_Name: 
  m_EditorClassIdentifier: 
--- !u!1 &6235123427872135483
GameObject:
  m_ObjectHideFlags: 0
  m_CorrespondingSourceObject: {fileID: 0}
  m_PrefabInstance: {fileID: 0}
  m_PrefabAsset: {fileID: 0}
  serializedVersion: 6
  m_Component:
  - component: {fileID: 9045287706001224624}
  - component: {fileID: 8455826876536454959}
  - component: {fileID: 967809878117326682}
  - component: {fileID: 7432207519664030736}
  - component: {fileID: 7877233681765296755}
  m_Layer: 10
  m_Name: Manage Text
  m_TagString: Untagged
  m_Icon: {fileID: 0}
  m_NavMeshLayer: 0
  m_StaticEditorFlags: 0
  m_IsActive: 1
--- !u!224 &9045287706001224624
RectTransform:
  m_ObjectHideFlags: 0
  m_CorrespondingSourceObject: {fileID: 0}
  m_PrefabInstance: {fileID: 0}
  m_PrefabAsset: {fileID: 0}
  m_GameObject: {fileID: 6235123427872135483}
  m_LocalRotation: {x: -0.00419958, y: -0.9996051, z: -0.019067379, w: 0.020208092}
  m_LocalPosition: {x: 0, y: 0, z: 0.35822013}
  m_LocalScale: {x: 0.10008214, y: 0.10007189, z: 1.0015378}
  m_Children: []
  m_Father: {fileID: 1907502235244263731}
  m_RootOrder: 0
  m_LocalEulerAnglesHint: {x: -2.194, y: 182.308, z: 0.437}
  m_AnchorMin: {x: 0.5, y: 0.5}
  m_AnchorMax: {x: 0.5, y: 0.5}
  m_AnchoredPosition: {x: 0.008141777, y: 0.87926406}
  m_SizeDelta: {x: 20, y: 5}
  m_Pivot: {x: 0.5, y: 0.5}
--- !u!33 &8455826876536454959
MeshFilter:
  m_ObjectHideFlags: 0
  m_CorrespondingSourceObject: {fileID: 0}
  m_PrefabInstance: {fileID: 0}
  m_PrefabAsset: {fileID: 0}
  m_GameObject: {fileID: 6235123427872135483}
  m_Mesh: {fileID: 0}
--- !u!23 &967809878117326682
MeshRenderer:
  m_ObjectHideFlags: 0
  m_CorrespondingSourceObject: {fileID: 0}
  m_PrefabInstance: {fileID: 0}
  m_PrefabAsset: {fileID: 0}
  m_GameObject: {fileID: 6235123427872135483}
  m_Enabled: 1
  m_CastShadows: 0
  m_ReceiveShadows: 0
  m_DynamicOccludee: 1
  m_MotionVectors: 1
  m_LightProbeUsage: 1
  m_ReflectionProbeUsage: 1
  m_RenderingLayerMask: 1
  m_RendererPriority: 0
  m_Materials:
  - {fileID: 2100000, guid: e73a58f6e2794ae7b1b7e50b7fb811b0, type: 2}
  m_StaticBatchInfo:
    firstSubMesh: 0
    subMeshCount: 0
  m_StaticBatchRoot: {fileID: 0}
  m_ProbeAnchor: {fileID: 0}
  m_LightProbeVolumeOverride: {fileID: 0}
  m_ScaleInLightmap: 1
  m_ReceiveGI: 1
  m_PreserveUVs: 0
  m_IgnoreNormalsForChartDetection: 0
  m_ImportantGI: 0
  m_StitchLightmapSeams: 0
  m_SelectedEditorRenderState: 3
  m_MinimumChartSize: 4
  m_AutoUVMaxDistance: 0.5
  m_AutoUVMaxAngle: 89
  m_LightmapParameters: {fileID: 0}
  m_SortingLayerID: 0
  m_SortingLayer: 0
  m_SortingOrder: 0
--- !u!222 &7432207519664030736
CanvasRenderer:
  m_ObjectHideFlags: 0
  m_CorrespondingSourceObject: {fileID: 0}
  m_PrefabInstance: {fileID: 0}
  m_PrefabAsset: {fileID: 0}
  m_GameObject: {fileID: 6235123427872135483}
  m_CullTransparentMesh: 0
--- !u!114 &7877233681765296755
MonoBehaviour:
  m_ObjectHideFlags: 0
  m_CorrespondingSourceObject: {fileID: 0}
  m_PrefabInstance: {fileID: 0}
  m_PrefabAsset: {fileID: 0}
  m_GameObject: {fileID: 6235123427872135483}
  m_Enabled: 1
  m_EditorHideFlags: 0
  m_Script: {fileID: 11500000, guid: 9541d86e2fd84c1d9990edf0852d74ab, type: 3}
  m_Name: 
  m_EditorClassIdentifier: 
  m_Material: {fileID: 0}
  m_Color: {r: 1, g: 1, b: 1, a: 1}
  m_RaycastTarget: 1
  m_OnCullStateChanged:
    m_PersistentCalls:
      m_Calls: []
    m_TypeName: UnityEngine.UI.MaskableGraphic+CullStateChangedEvent, UnityEngine.UI,
      Version=1.0.0.0, Culture=neutral, PublicKeyToken=null
  m_text: Interact
  m_isRightToLeft: 0
  m_fontAsset: {fileID: 11400000, guid: 8f586378b4e144a9851e7b34d9b748ee, type: 2}
  m_sharedMaterial: {fileID: 2100000, guid: e73a58f6e2794ae7b1b7e50b7fb811b0, type: 2}
  m_fontSharedMaterials: []
  m_fontMaterial: {fileID: 0}
  m_fontMaterials: []
  m_fontColor32:
    serializedVersion: 2
    rgba: 4294967295
  m_fontColor: {r: 1, g: 1, b: 1, a: 1}
  m_enableVertexGradient: 0
  m_colorMode: 3
  m_fontColorGradient:
    topLeft: {r: 1, g: 1, b: 1, a: 1}
    topRight: {r: 1, g: 1, b: 1, a: 1}
    bottomLeft: {r: 1, g: 1, b: 1, a: 1}
    bottomRight: {r: 1, g: 1, b: 1, a: 1}
  m_fontColorGradientPreset: {fileID: 0}
  m_spriteAsset: {fileID: 0}
  m_tintAllSprites: 0
  m_overrideHtmlColors: 0
  m_faceColor:
    serializedVersion: 2
    rgba: 4294967295
  m_outlineColor:
    serializedVersion: 2
    rgba: 4278190080
  m_fontSize: 36
  m_fontSizeBase: 36
  m_fontWeight: 400
  m_enableAutoSizing: 0
  m_fontSizeMin: 18
  m_fontSizeMax: 72
  m_fontStyle: 0
  m_textAlignment: 258
  m_characterSpacing: 0
  m_wordSpacing: 0
  m_lineSpacing: 0
  m_lineSpacingMax: 0
  m_paragraphSpacing: 0
  m_charWidthMaxAdj: 0
  m_enableWordWrapping: 1
  m_wordWrappingRatios: 0.4
  m_overflowMode: 0
  m_firstOverflowCharacterIndex: -1
  m_linkedTextComponent: {fileID: 0}
  m_isLinkedTextComponent: 0
  m_isTextTruncated: 0
  m_enableKerning: 1
  m_enableExtraPadding: 0
  checkPaddingRequired: 0
  m_isRichText: 1
  m_parseCtrlCharacters: 1
  m_isOrthographic: 0
  m_isCullingEnabled: 0
  m_ignoreRectMaskCulling: 0
  m_ignoreCulling: 1
  m_horizontalMapping: 0
  m_verticalMapping: 0
  m_uvLineOffset: 0
  m_geometrySortingOrder: 0
  m_VertexBufferAutoSizeReduction: 1
  m_firstVisibleCharacter: 0
  m_useMaxVisibleDescender: 1
  m_pageToDisplay: 1
  m_margin: {x: 0, y: 0, z: 0, w: 0}
  m_textInfo:
    textComponent: {fileID: 7877233681765296755}
    characterCount: 8
    spriteCount: 0
    spaceCount: 0
    wordCount: 1
    linkCount: 0
    lineCount: 1
    pageCount: 1
    materialCount: 1
  m_isUsingLegacyAnimationComponent: 0
  m_isVolumetricText: 0
  m_spriteAnimator: {fileID: 0}
  m_hasFontAssetChanged: 0
  m_renderer: {fileID: 967809878117326682}
  m_subTextObjects:
  - {fileID: 0}
  - {fileID: 0}
  - {fileID: 0}
  - {fileID: 0}
  - {fileID: 0}
  - {fileID: 0}
  - {fileID: 0}
  - {fileID: 0}
  m_maskType: 0
--- !u!1 &6287406254199705457
GameObject:
  m_ObjectHideFlags: 0
  m_CorrespondingSourceObject: {fileID: 0}
  m_PrefabInstance: {fileID: 0}
  m_PrefabAsset: {fileID: 0}
  serializedVersion: 6
  m_Component:
  - component: {fileID: 1089433611832095959}
  - component: {fileID: 5969191160042328471}
  - component: {fileID: 2183042281031229361}
  - component: {fileID: 1056395727245283130}
  - component: {fileID: 7135082547793504876}
  m_Layer: 10
  m_Name: Canvas (1)
  m_TagString: Untagged
  m_Icon: {fileID: 0}
  m_NavMeshLayer: 0
  m_StaticEditorFlags: 0
  m_IsActive: 1
--- !u!224 &1089433611832095959
RectTransform:
  m_ObjectHideFlags: 0
  m_CorrespondingSourceObject: {fileID: 0}
  m_PrefabInstance: {fileID: 0}
  m_PrefabAsset: {fileID: 0}
  m_GameObject: {fileID: 6287406254199705457}
  m_LocalRotation: {x: -0, y: -0, z: -0, w: 1}
  m_LocalPosition: {x: 0, y: 0, z: 0}
  m_LocalScale: {x: 0.03165416, y: 0.020438554, z: 0.07133875}
  m_Children:
  - {fileID: 9056506060425406231}
  m_Father: {fileID: 8515257036218038504}
  m_RootOrder: 2
  m_LocalEulerAnglesHint: {x: 0, y: 0, z: 0}
  m_AnchorMin: {x: 0, y: 0}
  m_AnchorMax: {x: 0, y: 0}
  m_AnchoredPosition: {x: 0, y: 1.64}
  m_SizeDelta: {x: 98.7, y: 27.16}
  m_Pivot: {x: 0.5, y: 0.5}
--- !u!223 &5969191160042328471
Canvas:
  m_ObjectHideFlags: 0
  m_CorrespondingSourceObject: {fileID: 0}
  m_PrefabInstance: {fileID: 0}
  m_PrefabAsset: {fileID: 0}
  m_GameObject: {fileID: 6287406254199705457}
  m_Enabled: 1
  serializedVersion: 3
  m_RenderMode: 2
  m_Camera: {fileID: 0}
  m_PlaneDistance: 100
  m_PixelPerfect: 0
  m_ReceivesEvents: 1
  m_OverrideSorting: 0
  m_OverridePixelPerfect: 0
  m_SortingBucketNormalizedSize: 0
  m_AdditionalShaderChannelsFlag: 0
  m_SortingLayerID: 0
  m_SortingOrder: 0
  m_TargetDisplay: 0
--- !u!114 &2183042281031229361
MonoBehaviour:
  m_ObjectHideFlags: 0
  m_CorrespondingSourceObject: {fileID: 0}
  m_PrefabInstance: {fileID: 0}
  m_PrefabAsset: {fileID: 0}
  m_GameObject: {fileID: 6287406254199705457}
  m_Enabled: 1
  m_EditorHideFlags: 0
  m_Script: {fileID: 11500000, guid: 0cd44c1031e13a943bb63640046fad76, type: 3}
  m_Name: 
  m_EditorClassIdentifier: 
  m_UiScaleMode: 0
  m_ReferencePixelsPerUnit: 100
  m_ScaleFactor: 1
  m_ReferenceResolution: {x: 800, y: 600}
  m_ScreenMatchMode: 0
  m_MatchWidthOrHeight: 0
  m_PhysicalUnit: 3
  m_FallbackScreenDPI: 96
  m_DefaultSpriteDPI: 96
  m_DynamicPixelsPerUnit: 1
--- !u!114 &1056395727245283130
MonoBehaviour:
  m_ObjectHideFlags: 0
  m_CorrespondingSourceObject: {fileID: 0}
  m_PrefabInstance: {fileID: 0}
  m_PrefabAsset: {fileID: 0}
  m_GameObject: {fileID: 6287406254199705457}
  m_Enabled: 1
  m_EditorHideFlags: 0
  m_Script: {fileID: 11500000, guid: dc42784cf147c0c48a680349fa168899, type: 3}
  m_Name: 
  m_EditorClassIdentifier: 
  m_IgnoreReversedGraphics: 1
  m_BlockingObjects: 0
  m_BlockingMask:
    serializedVersion: 2
    m_Bits: 4294967295
--- !u!114 &7135082547793504876
MonoBehaviour:
  m_ObjectHideFlags: 0
  m_CorrespondingSourceObject: {fileID: 0}
  m_PrefabInstance: {fileID: 0}
  m_PrefabAsset: {fileID: 0}
  m_GameObject: {fileID: 6287406254199705457}
  m_Enabled: 1
  m_EditorHideFlags: 0
  m_Script: {fileID: 11500000, guid: 655df9427fc7cb640a410832f7aa0df4, type: 3}
  m_Name: 
  m_EditorClassIdentifier: 
--- !u!1 &7201584483983858422
GameObject:
  m_ObjectHideFlags: 0
  m_CorrespondingSourceObject: {fileID: 0}
  m_PrefabInstance: {fileID: 0}
  m_PrefabAsset: {fileID: 0}
  serializedVersion: 6
  m_Component:
  - component: {fileID: 9056506060425406231}
  - component: {fileID: 2817232571873818918}
  - component: {fileID: 899349330014192500}
  m_Layer: 10
  m_Name: Image
  m_TagString: Untagged
  m_Icon: {fileID: 0}
  m_NavMeshLayer: 0
  m_StaticEditorFlags: 0
  m_IsActive: 1
--- !u!224 &9056506060425406231
RectTransform:
  m_ObjectHideFlags: 0
  m_CorrespondingSourceObject: {fileID: 0}
  m_PrefabInstance: {fileID: 0}
  m_PrefabAsset: {fileID: 0}
  m_GameObject: {fileID: 7201584483983858422}
  m_LocalRotation: {x: 0, y: 1, z: 0, w: 0}
  m_LocalPosition: {x: 0, y: 0, z: 0}
  m_LocalScale: {x: 1, y: 1, z: 1}
  m_Children: []
  m_Father: {fileID: 1089433611832095959}
  m_RootOrder: 0
  m_LocalEulerAnglesHint: {x: 0, y: 180, z: 0}
  m_AnchorMin: {x: 0.5, y: 0.5}
  m_AnchorMax: {x: 0.5, y: 0.5}
  m_AnchoredPosition: {x: 0, y: 0}
  m_SizeDelta: {x: 100, y: 26.24}
  m_Pivot: {x: 0.5, y: 0.5}
--- !u!222 &2817232571873818918
CanvasRenderer:
  m_ObjectHideFlags: 0
  m_CorrespondingSourceObject: {fileID: 0}
  m_PrefabInstance: {fileID: 0}
  m_PrefabAsset: {fileID: 0}
  m_GameObject: {fileID: 7201584483983858422}
  m_CullTransparentMesh: 0
--- !u!114 &899349330014192500
MonoBehaviour:
  m_ObjectHideFlags: 0
  m_CorrespondingSourceObject: {fileID: 0}
  m_PrefabInstance: {fileID: 0}
  m_PrefabAsset: {fileID: 0}
  m_GameObject: {fileID: 7201584483983858422}
  m_Enabled: 1
  m_EditorHideFlags: 0
  m_Script: {fileID: 11500000, guid: fe87c0e1cc204ed48ad3b37840f39efc, type: 3}
  m_Name: 
  m_EditorClassIdentifier: 
  m_Material: {fileID: 0}
  m_Color: {r: 1, g: 1, b: 1, a: 1}
  m_RaycastTarget: 1
  m_OnCullStateChanged:
    m_PersistentCalls:
      m_Calls: []
    m_TypeName: UnityEngine.UI.MaskableGraphic+CullStateChangedEvent, UnityEngine.UI,
      Version=1.0.0.0, Culture=neutral, PublicKeyToken=null
  m_Sprite: {fileID: 21300000, guid: 4be364c0c3fc84a4c82dce803e157e18, type: 3}
  m_Type: 3
  m_PreserveAspect: 0
  m_FillCenter: 1
  m_FillMethod: 0
  m_FillAmount: 1
  m_FillClockwise: 1
  m_FillOrigin: 0
  m_UseSpriteMesh: 0
  m_PixelsPerUnitMultiplier: 1
--- !u!1 &8515257036218038418
GameObject:
  m_ObjectHideFlags: 0
  m_CorrespondingSourceObject: {fileID: 0}
  m_PrefabInstance: {fileID: 0}
  m_PrefabAsset: {fileID: 0}
  serializedVersion: 6
  m_Component:
  - component: {fileID: 8515257036218038504}
  - component: {fileID: 8515257036218038505}
  - component: {fileID: 8515257036218038510}
  - component: {fileID: 8515257036218038511}
  - component: {fileID: 8515257036218038508}
  - component: {fileID: 8515257036218038509}
  - component: {fileID: 8515257036218038507}
  - component: {fileID: 2424784938632022635}
  m_Layer: 15
  m_Name: Customer AI Kid
  m_TagString: AI
  m_Icon: {fileID: 0}
  m_NavMeshLayer: 0
  m_StaticEditorFlags: 0
  m_IsActive: 0
--- !u!4 &8515257036218038504
Transform:
  m_ObjectHideFlags: 0
  m_CorrespondingSourceObject: {fileID: 0}
  m_PrefabInstance: {fileID: 0}
  m_PrefabAsset: {fileID: 0}
  m_GameObject: {fileID: 8515257036218038418}
  m_LocalRotation: {x: 0, y: 0, z: 0, w: 1}
  m_LocalPosition: {x: -11.22, y: 1.0899999, z: 31.05}
  m_LocalScale: {x: 1, y: 1, z: 1}
  m_Children:
  - {fileID: 1907502235244263731}
  - {fileID: 4765009386387876025}
  - {fileID: 1089433611832095959}
  - {fileID: 5744942634642051964}
  m_Father: {fileID: 0}
  m_RootOrder: 0
  m_LocalEulerAnglesHint: {x: 0, y: 0, z: 0}
--- !u!33 &8515257036218038505
MeshFilter:
  m_ObjectHideFlags: 0
  m_CorrespondingSourceObject: {fileID: 0}
  m_PrefabInstance: {fileID: 0}
  m_PrefabAsset: {fileID: 0}
  m_GameObject: {fileID: 8515257036218038418}
  m_Mesh: {fileID: 10208, guid: 0000000000000000e000000000000000, type: 0}
--- !u!23 &8515257036218038510
MeshRenderer:
  m_ObjectHideFlags: 0
  m_CorrespondingSourceObject: {fileID: 0}
  m_PrefabInstance: {fileID: 0}
  m_PrefabAsset: {fileID: 0}
  m_GameObject: {fileID: 8515257036218038418}
  m_Enabled: 0
  m_CastShadows: 1
  m_ReceiveShadows: 1
  m_DynamicOccludee: 1
  m_MotionVectors: 1
  m_LightProbeUsage: 1
  m_ReflectionProbeUsage: 1
  m_RenderingLayerMask: 1
  m_RendererPriority: 0
  m_Materials:
  - {fileID: 2100000, guid: 551c4e92a05a7f04b93cc31a5ef959ac, type: 2}
  m_StaticBatchInfo:
    firstSubMesh: 0
    subMeshCount: 0
  m_StaticBatchRoot: {fileID: 0}
  m_ProbeAnchor: {fileID: 0}
  m_LightProbeVolumeOverride: {fileID: 0}
  m_ScaleInLightmap: 1
  m_ReceiveGI: 1
  m_PreserveUVs: 0
  m_IgnoreNormalsForChartDetection: 0
  m_ImportantGI: 0
  m_StitchLightmapSeams: 0
  m_SelectedEditorRenderState: 3
  m_MinimumChartSize: 4
  m_AutoUVMaxDistance: 0.5
  m_AutoUVMaxAngle: 89
  m_LightmapParameters: {fileID: 0}
  m_SortingLayerID: 0
  m_SortingLayer: 0
  m_SortingOrder: 0
--- !u!136 &8515257036218038511
CapsuleCollider:
  m_ObjectHideFlags: 0
  m_CorrespondingSourceObject: {fileID: 0}
  m_PrefabInstance: {fileID: 0}
  m_PrefabAsset: {fileID: 0}
  m_GameObject: {fileID: 8515257036218038418}
  m_Material: {fileID: 0}
  m_IsTrigger: 0
  m_Enabled: 1
  m_Radius: 0.4
  m_Height: 2
  m_Direction: 1
  m_Center: {x: 0, y: 0, z: 0}
--- !u!195 &8515257036218038508
NavMeshAgent:
  m_ObjectHideFlags: 0
  m_CorrespondingSourceObject: {fileID: 0}
  m_PrefabInstance: {fileID: 0}
  m_PrefabAsset: {fileID: 0}
  m_GameObject: {fileID: 8515257036218038418}
  m_Enabled: 1
  m_AgentTypeID: 0
  m_Radius: 0.42
  m_Speed: 1.5
  m_Acceleration: 8
  avoidancePriority: 50
  m_AngularSpeed: 240
  m_StoppingDistance: 0
  m_AutoTraverseOffMeshLink: 1
  m_AutoBraking: 1
  m_AutoRepath: 1
  m_Height: 2
  m_BaseOffset: 1
  m_WalkableMask: 4294967295
  m_ObstacleAvoidanceType: 4
--- !u!114 &8515257036218038509
MonoBehaviour:
  m_ObjectHideFlags: 0
  m_CorrespondingSourceObject: {fileID: 0}
  m_PrefabInstance: {fileID: 0}
  m_PrefabAsset: {fileID: 0}
  m_GameObject: {fileID: 8515257036218038418}
  m_Enabled: 1
  m_EditorHideFlags: 0
  m_Script: {fileID: 11500000, guid: 8e4528347d2aa5b438d24c8dde6bae57, type: 3}
  m_Name: 
  m_EditorClassIdentifier: 
  tree: {fileID: 11400000, guid: 6788ccc82db46cb428dfd2845a7df0d0, type: 2}
  navigationalMesh: {fileID: 8515257036218038508}
  gameSaveLoaded: 0
--- !u!114 &8515257036218038507
MonoBehaviour:
  m_ObjectHideFlags: 0
  m_CorrespondingSourceObject: {fileID: 0}
  m_PrefabInstance: {fileID: 0}
  m_PrefabAsset: {fileID: 0}
  m_GameObject: {fileID: 8515257036218038418}
  m_Enabled: 1
  m_EditorHideFlags: 0
  m_Script: {fileID: 11500000, guid: 68115e7ea3aed864ea104aab9a032655, type: 3}
  m_Name: 
  m_EditorClassIdentifier: 
  car: 0
  appearanceGenerator: {fileID: 2424784938632022635}
  animation: {fileID: 4870488790741422719}
  ID: 
  aiType: 0
  controller: {fileID: 0}
  cycle: {fileID: 0}
  aData:
    objID: 
    position: {x: 0, y: 0, z: 0}
    rotation: {x: 0, y: 0, z: 0}
    color: {x: 0, y: 0, z: 0, w: 0}
    wallet: 0
    morale: 0
    hunger: 0
    thirst: 0
    boredom: 0
    wanderTime: 0
    AIType: 
    inStore: 0
    instanceID: 
    velocity: {x: 0, y: 0, z: 0}
    behavioursData: []
    parameterData: []
    animationData:
      animParamNames: []
      animParamValue: []
      animParamType: []
      currentAnimation: 
      currentAnimationTime: 0
    outfitData:
      outfit: []
      outfitColor: []
  thirst: 0
  hunger: 0
  boredom: 0
  cleanliness: 100
  wallet: 0
  maxWalletCapacity: 30
  economySystem: {fileID: 0}
  moral: 100
  mlr: 2
  moralGainRange: 2.4
  moralLossRange: 4.3
  hungerOverTime: 2
  thirstOverTime: 3
  hungerThreshold: 60
  thirstThreshold: 60
  boredomThreshold: 50
  happyThreshold: 70
  angryThreshold: 40
  moraleLossMultiplier: 2
  moraleLossScalar: 10
  mask:
    serializedVersion: 2
    m_Bits: 0
  goToStore: 0
  leftStoreUnsatisfied: 0
  wanderTimer: 0
  customerMenu: {fileID: 0}
--- !u!114 &2424784938632022635
MonoBehaviour:
  m_ObjectHideFlags: 0
  m_CorrespondingSourceObject: {fileID: 0}
  m_PrefabInstance: {fileID: 0}
  m_PrefabAsset: {fileID: 0}
  m_GameObject: {fileID: 8515257036218038418}
  m_Enabled: 1
  m_EditorHideFlags: 0
  m_Script: {fileID: 11500000, guid: 2d52e4aa507ab4745874135ecb3ab323, type: 3}
  m_Name: 
  m_EditorClassIdentifier: 
  ofData:
    outfit: []
    outfitColor: []
  maleGlasses: {fileID: 3962933122456030595}
  FemaleGlasses: {fileID: 3962933122456030595}
  maleHats: []
  femaleHats: []
  genders:
  - {fileID: 7415966268337474921}
  maleHair:
  - {fileID: 3296104458712223431}
  - {fileID: 3321343385126565826}
  - {fileID: 5772700325935919595}
  femaleHair: []
  maleShirts:
  - {fileID: 7039306978703680897}
  - {fileID: 6397453060933595458}
  - {fileID: 4326351470742127983}
  femaleShirts: []
  malePants:
  - {fileID: 23883653707252127}
  - {fileID: 5106172931474954110}
  - {fileID: 274171697484240575}
  femalePants: []
  maleShoes: {fileID: 4944820383064614062}
  FemaleShoes: {fileID: 4944820383064614062}
--- !u!136 &7746788995865413881
CapsuleCollider:
  m_ObjectHideFlags: 0
  m_CorrespondingSourceObject: {fileID: 0}
  m_PrefabInstance: {fileID: 0}
  m_PrefabAsset: {fileID: 0}
  m_GameObject: {fileID: 8782436244085858671}
  m_Material: {fileID: 0}
  m_IsTrigger: 1
  m_Enabled: 1
  m_Radius: 0.6
  m_Height: 2.4516835
  m_Direction: 1
  m_Center: {x: 0, y: 0.72584176, z: 0}
--- !u!114 &2169262260527252370
MonoBehaviour:
  m_ObjectHideFlags: 0
  m_CorrespondingSourceObject: {fileID: 0}
  m_PrefabInstance: {fileID: 0}
  m_PrefabAsset: {fileID: 0}
  m_GameObject: {fileID: 8782436244085858671}
  m_Enabled: 1
  m_EditorHideFlags: 0
  m_Script: {fileID: 11500000, guid: 1e891fa205254d647afe9d4449c1868a, type: 3}
  m_Name: 
  m_EditorClassIdentifier: 
  menu: {fileID: 0}
  manageButton: {fileID: 3175516816854487079}
  poppedUpSize: {x: 1.5, y: 1.5, z: 0.5}
--- !u!114 &4870488790741422719
MonoBehaviour:
  m_ObjectHideFlags: 0
  m_CorrespondingSourceObject: {fileID: 0}
  m_PrefabInstance: {fileID: 0}
  m_PrefabAsset: {fileID: 0}
  m_GameObject: {fileID: 8782436244085858671}
  m_Enabled: 1
  m_EditorHideFlags: 0
  m_Script: {fileID: 11500000, guid: 8e2e2d892350656469cb11e4c1eab057, type: 3}
  m_Name: 
  m_EditorClassIdentifier: 
  controller: {fileID: 8515257036218038509}
  animData:
    animParamNames: []
    animParamValue: []
    animParamType: []
    currentAnimation: 
    currentAnimationTime: 0
  animator: {fileID: 2391447835515207174}
  agent: {fileID: 8515257036218038508}
  states:
  - Empty State
  - Movement
  - Playing Cocktail Cabinet
  - Playing Classic Arcade
  - Use Soda Machine Round
  - Use Soda Machine Square
  scalar: 4
  walkAnimThreshold: 0.0004
  stats: {fileID: 8515257036218038507}
  replenish: 0
--- !u!1001 &774784259705518182
PrefabInstance:
  m_ObjectHideFlags: 0
  serializedVersion: 2
  m_Modification:
    m_TransformParent: {fileID: 8515257036218038504}
    m_Modifications:
    - target: {fileID: -927199367670048503, guid: c2c168039bf48d146adc199a33f4426d,
        type: 3}
      propertyPath: m_Name
      value: Model
      objectReference: {fileID: 0}
    - target: {fileID: -927199367670048503, guid: c2c168039bf48d146adc199a33f4426d,
        type: 3}
      propertyPath: m_TagString
      value: AI
      objectReference: {fileID: 0}
    - target: {fileID: -1429232992382388977, guid: c2c168039bf48d146adc199a33f4426d,
        type: 3}
      propertyPath: m_Name
      value: Char_kid_body Male
      objectReference: {fileID: 0}
    - target: {fileID: -1429232992382388977, guid: c2c168039bf48d146adc199a33f4426d,
        type: 3}
      propertyPath: m_IsActive
      value: 0
      objectReference: {fileID: 0}
    - target: {fileID: 762317952663386617, guid: c2c168039bf48d146adc199a33f4426d,
        type: 3}
      propertyPath: m_IsActive
      value: 0
      objectReference: {fileID: 0}
    - target: {fileID: 652630078207569625, guid: c2c168039bf48d146adc199a33f4426d,
        type: 3}
      propertyPath: m_IsActive
      value: 0
      objectReference: {fileID: 0}
    - target: {fileID: -6377506471637141855, guid: c2c168039bf48d146adc199a33f4426d,
        type: 3}
      propertyPath: m_IsActive
      value: 0
      objectReference: {fileID: 0}
    - target: {fileID: 2654693978749816740, guid: c2c168039bf48d146adc199a33f4426d,
        type: 3}
      propertyPath: m_IsActive
      value: 0
      objectReference: {fileID: 0}
    - target: {fileID: 4341395824988698085, guid: c2c168039bf48d146adc199a33f4426d,
        type: 3}
      propertyPath: m_IsActive
      value: 0
      objectReference: {fileID: 0}
    - target: {fileID: -5275158201889882871, guid: c2c168039bf48d146adc199a33f4426d,
        type: 3}
      propertyPath: m_IsActive
      value: 0
      objectReference: {fileID: 0}
    - target: {fileID: 5484349808221630232, guid: c2c168039bf48d146adc199a33f4426d,
        type: 3}
      propertyPath: m_IsActive
      value: 0
      objectReference: {fileID: 0}
    - target: {fileID: -4216859302048453862, guid: c2c168039bf48d146adc199a33f4426d,
        type: 3}
      propertyPath: m_LocalPosition.x
      value: 0.006
      objectReference: {fileID: 0}
    - target: {fileID: -4216859302048453862, guid: c2c168039bf48d146adc199a33f4426d,
        type: 3}
      propertyPath: m_LocalPosition.y
      value: -0.968
      objectReference: {fileID: 0}
    - target: {fileID: -4216859302048453862, guid: c2c168039bf48d146adc199a33f4426d,
        type: 3}
      propertyPath: m_LocalPosition.z
      value: 0
      objectReference: {fileID: 0}
    - target: {fileID: -4216859302048453862, guid: c2c168039bf48d146adc199a33f4426d,
        type: 3}
      propertyPath: m_LocalRotation.x
      value: 0
      objectReference: {fileID: 0}
    - target: {fileID: -4216859302048453862, guid: c2c168039bf48d146adc199a33f4426d,
        type: 3}
      propertyPath: m_LocalRotation.y
      value: -0
      objectReference: {fileID: 0}
    - target: {fileID: -4216859302048453862, guid: c2c168039bf48d146adc199a33f4426d,
        type: 3}
      propertyPath: m_LocalRotation.z
      value: -0
      objectReference: {fileID: 0}
    - target: {fileID: -4216859302048453862, guid: c2c168039bf48d146adc199a33f4426d,
        type: 3}
      propertyPath: m_LocalRotation.w
      value: 1
      objectReference: {fileID: 0}
    - target: {fileID: -4216859302048453862, guid: c2c168039bf48d146adc199a33f4426d,
        type: 3}
      propertyPath: m_RootOrder
      value: 3
      objectReference: {fileID: 0}
    - target: {fileID: -4216859302048453862, guid: c2c168039bf48d146adc199a33f4426d,
        type: 3}
      propertyPath: m_LocalEulerAnglesHint.x
      value: 0
      objectReference: {fileID: 0}
    - target: {fileID: -4216859302048453862, guid: c2c168039bf48d146adc199a33f4426d,
        type: 3}
      propertyPath: m_LocalEulerAnglesHint.y
      value: 0
      objectReference: {fileID: 0}
    - target: {fileID: -4216859302048453862, guid: c2c168039bf48d146adc199a33f4426d,
        type: 3}
      propertyPath: m_LocalEulerAnglesHint.z
      value: 0
      objectReference: {fileID: 0}
    - target: {fileID: -4216859302048453862, guid: c2c168039bf48d146adc199a33f4426d,
        type: 3}
      propertyPath: m_LocalScale.x
      value: 0.69935
      objectReference: {fileID: 0}
    - target: {fileID: -4216859302048453862, guid: c2c168039bf48d146adc199a33f4426d,
        type: 3}
      propertyPath: m_LocalScale.y
      value: 0.69935
      objectReference: {fileID: 0}
    - target: {fileID: -4216859302048453862, guid: c2c168039bf48d146adc199a33f4426d,
        type: 3}
      propertyPath: m_LocalScale.z
      value: 0.69935
      objectReference: {fileID: 0}
    - target: {fileID: 6547203003290388877, guid: c2c168039bf48d146adc199a33f4426d,
        type: 3}
      propertyPath: m_IsActive
      value: 0
      objectReference: {fileID: 0}
    - target: {fileID: 5911193880897849636, guid: c2c168039bf48d146adc199a33f4426d,
        type: 3}
      propertyPath: m_IsActive
      value: 0
      objectReference: {fileID: 0}
    - target: {fileID: 7741743058693135847, guid: c2c168039bf48d146adc199a33f4426d,
        type: 3}
      propertyPath: m_IsActive
      value: 0
      objectReference: {fileID: 0}
    - target: {fileID: -6057140222963153312, guid: c2c168039bf48d146adc199a33f4426d,
        type: 3}
      propertyPath: m_Controller
      value: 
      objectReference: {fileID: 9100000, guid: ddf4f587d1202044293d828b81427f49, type: 2}
    - target: {fileID: -9027619005688551579, guid: c2c168039bf48d146adc199a33f4426d,
        type: 3}
      propertyPath: m_IsActive
      value: 0
      objectReference: {fileID: 0}
    - target: {fileID: 2144871277503770476, guid: c2c168039bf48d146adc199a33f4426d,
        type: 3}
      propertyPath: m_IsActive
      value: 0
      objectReference: {fileID: 0}
    - target: {fileID: -4775939571963182475, guid: c2c168039bf48d146adc199a33f4426d,
        type: 3}
      propertyPath: m_IsActive
      value: 0
      objectReference: {fileID: 0}
    - target: {fileID: -2316762154699263523, guid: c2c168039bf48d146adc199a33f4426d,
        type: 3}
      propertyPath: m_IsActive
      value: 0
      objectReference: {fileID: 0}
    - target: {fileID: -1716981348018090951, guid: c2c168039bf48d146adc199a33f4426d,
        type: 3}
      propertyPath: m_IsActive
      value: 0
      objectReference: {fileID: 0}
    - target: {fileID: -1741291494030802745, guid: c2c168039bf48d146adc199a33f4426d,
        type: 3}
      propertyPath: m_IsActive
      value: 0
      objectReference: {fileID: 0}
    - target: {fileID: -5386671821732459851, guid: c2c168039bf48d146adc199a33f4426d,
        type: 3}
      propertyPath: m_IsActive
      value: 0
      objectReference: {fileID: 0}
    - target: {fileID: -3253344066765872845, guid: c2c168039bf48d146adc199a33f4426d,
        type: 3}
      propertyPath: m_IsActive
      value: 0
      objectReference: {fileID: 0}
    - target: {fileID: -3123007242961848107, guid: c2c168039bf48d146adc199a33f4426d,
        type: 3}
      propertyPath: m_IsActive
      value: 0
      objectReference: {fileID: 0}
    - target: {fileID: 6141818989096301687, guid: c2c168039bf48d146adc199a33f4426d,
        type: 3}
      propertyPath: m_IsActive
      value: 0
      objectReference: {fileID: 0}
    m_RemovedComponents: []
  m_SourcePrefab: {fileID: 100100000, guid: c2c168039bf48d146adc199a33f4426d, type: 3}
--- !u!1 &23883653707252127 stripped
GameObject:
  m_CorrespondingSourceObject: {fileID: 762317952663386617, guid: c2c168039bf48d146adc199a33f4426d,
    type: 3}
  m_PrefabInstance: {fileID: 774784259705518182}
  m_PrefabAsset: {fileID: 0}
--- !u!1 &5106172931474954110 stripped
GameObject:
  m_CorrespondingSourceObject: {fileID: 5484349808221630232, guid: c2c168039bf48d146adc199a33f4426d,
    type: 3}
  m_PrefabInstance: {fileID: 774784259705518182}
  m_PrefabAsset: {fileID: 0}
--- !u!1 &274171697484240575 stripped
GameObject:
  m_CorrespondingSourceObject: {fileID: 652630078207569625, guid: c2c168039bf48d146adc199a33f4426d,
    type: 3}
  m_PrefabInstance: {fileID: 774784259705518182}
  m_PrefabAsset: {fileID: 0}
--- !u!1 &6397453060933595458 stripped
GameObject:
  m_CorrespondingSourceObject: {fileID: 5911193880897849636, guid: c2c168039bf48d146adc199a33f4426d,
    type: 3}
  m_PrefabInstance: {fileID: 774784259705518182}
  m_PrefabAsset: {fileID: 0}
--- !u!1 &4326351470742127983 stripped
GameObject:
  m_CorrespondingSourceObject: {fileID: -5275158201889882871, guid: c2c168039bf48d146adc199a33f4426d,
    type: 3}
  m_PrefabInstance: {fileID: 774784259705518182}
  m_PrefabAsset: {fileID: 0}
--- !u!1 &3296104458712223431 stripped
GameObject:
  m_CorrespondingSourceObject: {fileID: -6377506471637141855, guid: c2c168039bf48d146adc199a33f4426d,
    type: 3}
  m_PrefabInstance: {fileID: 774784259705518182}
  m_PrefabAsset: {fileID: 0}
--- !u!1 &3321343385126565826 stripped
GameObject:
  m_CorrespondingSourceObject: {fileID: 2654693978749816740, guid: c2c168039bf48d146adc199a33f4426d,
    type: 3}
  m_PrefabInstance: {fileID: 774784259705518182}
  m_PrefabAsset: {fileID: 0}
--- !u!1 &5772700325935919595 stripped
GameObject:
  m_CorrespondingSourceObject: {fileID: 6547203003290388877, guid: c2c168039bf48d146adc199a33f4426d,
    type: 3}
  m_PrefabInstance: {fileID: 774784259705518182}
  m_PrefabAsset: {fileID: 0}
--- !u!1 &7039306978703680897 stripped
GameObject:
  m_CorrespondingSourceObject: {fileID: 7741743058693135847, guid: c2c168039bf48d146adc199a33f4426d,
    type: 3}
  m_PrefabInstance: {fileID: 774784259705518182}
  m_PrefabAsset: {fileID: 0}
--- !u!1 &4944820383064614062 stripped
GameObject:
  m_CorrespondingSourceObject: {fileID: 5647252100441365704, guid: c2c168039bf48d146adc199a33f4426d,
    type: 3}
  m_PrefabInstance: {fileID: 774784259705518182}
  m_PrefabAsset: {fileID: 0}
--- !u!1 &8782436244085858671 stripped
GameObject:
  m_CorrespondingSourceObject: {fileID: -927199367670048503, guid: c2c168039bf48d146adc199a33f4426d,
    type: 3}
  m_PrefabInstance: {fileID: 774784259705518182}
  m_PrefabAsset: {fileID: 0}
--- !u!4 &5744942634642051964 stripped
Transform:
  m_CorrespondingSourceObject: {fileID: -4216859302048453862, guid: c2c168039bf48d146adc199a33f4426d,
    type: 3}
  m_PrefabInstance: {fileID: 774784259705518182}
  m_PrefabAsset: {fileID: 0}
--- !u!95 &2391447835515207174 stripped
Animator:
  m_CorrespondingSourceObject: {fileID: -6057140222963153312, guid: c2c168039bf48d146adc199a33f4426d,
    type: 3}
  m_PrefabInstance: {fileID: 774784259705518182}
  m_PrefabAsset: {fileID: 0}
--- !u!1 &7415966268337474921 stripped
GameObject:
  m_CorrespondingSourceObject: {fileID: -1429232992382388977, guid: c2c168039bf48d146adc199a33f4426d,
    type: 3}
  m_PrefabInstance: {fileID: 774784259705518182}
  m_PrefabAsset: {fileID: 0}
--- !u!1 &3962933122456030595 stripped
GameObject:
  m_CorrespondingSourceObject: {fileID: 4341395824988698085, guid: c2c168039bf48d146adc199a33f4426d,
    type: 3}
  m_PrefabInstance: {fileID: 774784259705518182}
  m_PrefabAsset: {fileID: 0}
--- !u!1001 &8515257036801341006
PrefabInstance:
  m_ObjectHideFlags: 0
  serializedVersion: 2
  m_Modification:
    m_TransformParent: {fileID: 8515257036218038504}
    m_Modifications:
    - target: {fileID: 7486138040898831623, guid: 7d3aa23e62af1fc4abef54d96cadfefa,
        type: 3}
      propertyPath: m_Name
      value: Emote Bubble
      objectReference: {fileID: 0}
    - target: {fileID: 3750640744679694071, guid: 7d3aa23e62af1fc4abef54d96cadfefa,
        type: 3}
      propertyPath: m_LocalPosition.x
      value: 0
      objectReference: {fileID: 0}
    - target: {fileID: 3750640744679694071, guid: 7d3aa23e62af1fc4abef54d96cadfefa,
        type: 3}
      propertyPath: m_LocalPosition.y
      value: 2
      objectReference: {fileID: 0}
    - target: {fileID: 3750640744679694071, guid: 7d3aa23e62af1fc4abef54d96cadfefa,
        type: 3}
      propertyPath: m_LocalPosition.z
      value: 0
      objectReference: {fileID: 0}
    - target: {fileID: 3750640744679694071, guid: 7d3aa23e62af1fc4abef54d96cadfefa,
        type: 3}
      propertyPath: m_LocalRotation.x
      value: -0
      objectReference: {fileID: 0}
    - target: {fileID: 3750640744679694071, guid: 7d3aa23e62af1fc4abef54d96cadfefa,
        type: 3}
      propertyPath: m_LocalRotation.y
      value: -0
      objectReference: {fileID: 0}
    - target: {fileID: 3750640744679694071, guid: 7d3aa23e62af1fc4abef54d96cadfefa,
        type: 3}
      propertyPath: m_LocalRotation.z
      value: -0
      objectReference: {fileID: 0}
    - target: {fileID: 3750640744679694071, guid: 7d3aa23e62af1fc4abef54d96cadfefa,
        type: 3}
      propertyPath: m_LocalRotation.w
      value: 1
      objectReference: {fileID: 0}
    - target: {fileID: 3750640744679694071, guid: 7d3aa23e62af1fc4abef54d96cadfefa,
        type: 3}
      propertyPath: m_RootOrder
      value: 1
      objectReference: {fileID: 0}
    - target: {fileID: 3750640744679694071, guid: 7d3aa23e62af1fc4abef54d96cadfefa,
        type: 3}
      propertyPath: m_LocalEulerAnglesHint.x
      value: 0
      objectReference: {fileID: 0}
    - target: {fileID: 3750640744679694071, guid: 7d3aa23e62af1fc4abef54d96cadfefa,
        type: 3}
      propertyPath: m_LocalEulerAnglesHint.y
      value: 0
      objectReference: {fileID: 0}
    - target: {fileID: 3750640744679694071, guid: 7d3aa23e62af1fc4abef54d96cadfefa,
        type: 3}
      propertyPath: m_LocalEulerAnglesHint.z
      value: 0
      objectReference: {fileID: 0}
    - target: {fileID: 3750640744679694071, guid: 7d3aa23e62af1fc4abef54d96cadfefa,
        type: 3}
      propertyPath: m_LocalScale.x
      value: 0
      objectReference: {fileID: 0}
    - target: {fileID: 3750640744679694071, guid: 7d3aa23e62af1fc4abef54d96cadfefa,
        type: 3}
      propertyPath: m_LocalScale.y
      value: 0
      objectReference: {fileID: 0}
    - target: {fileID: 3750640744679694071, guid: 7d3aa23e62af1fc4abef54d96cadfefa,
        type: 3}
      propertyPath: m_LocalScale.z
      value: 0
      objectReference: {fileID: 0}
    - target: {fileID: 7225552366053044745, guid: 7d3aa23e62af1fc4abef54d96cadfefa,
        type: 3}
      propertyPath: m_LocalPosition.z
      value: 0
      objectReference: {fileID: 0}
    - target: {fileID: 6523229620626389573, guid: 7d3aa23e62af1fc4abef54d96cadfefa,
        type: 3}
      propertyPath: m_LocalPosition.z
      value: 0
      objectReference: {fileID: 0}
    - target: {fileID: 4970809054026763675, guid: 7d3aa23e62af1fc4abef54d96cadfefa,
        type: 3}
      propertyPath: m_LocalPosition.z
      value: 0
      objectReference: {fileID: 0}
    - target: {fileID: 5302795560275937148, guid: 7d3aa23e62af1fc4abef54d96cadfefa,
        type: 3}
      propertyPath: m_LocalPosition.z
      value: 0
      objectReference: {fileID: 0}
    - target: {fileID: 1917087954716607153, guid: 7d3aa23e62af1fc4abef54d96cadfefa,
        type: 3}
      propertyPath: m_LocalPosition.z
      value: 0
      objectReference: {fileID: 0}
    - target: {fileID: 668405939938005020, guid: 7d3aa23e62af1fc4abef54d96cadfefa,
        type: 3}
      propertyPath: m_LocalPosition.z
      value: 0
      objectReference: {fileID: 0}
    - target: {fileID: 8451410731873106587, guid: 7d3aa23e62af1fc4abef54d96cadfefa,
        type: 3}
      propertyPath: m_SortingOrder
      value: 1
      objectReference: {fileID: 0}
    - target: {fileID: 8451410731873106587, guid: 7d3aa23e62af1fc4abef54d96cadfefa,
        type: 3}
      propertyPath: m_SortingLayerID
      value: -300550691
      objectReference: {fileID: 0}
    - target: {fileID: 8451410731873106587, guid: 7d3aa23e62af1fc4abef54d96cadfefa,
        type: 3}
      propertyPath: m_SortingLayer
      value: 1
      objectReference: {fileID: 0}
    - target: {fileID: 8451410731873106587, guid: 7d3aa23e62af1fc4abef54d96cadfefa,
        type: 3}
      propertyPath: m_Materials.Array.data[0]
      value: 
      objectReference: {fileID: 2100000, guid: dcb87f4990e1af646a6f9f802d589a69, type: 2}
    - target: {fileID: 7333208074130776503, guid: 7d3aa23e62af1fc4abef54d96cadfefa,
        type: 3}
      propertyPath: m_Layer
      value: 10
      objectReference: {fileID: 0}
    - target: {fileID: 7333208074130776503, guid: 7d3aa23e62af1fc4abef54d96cadfefa,
        type: 3}
      propertyPath: m_Name
      value: Thirsty
      objectReference: {fileID: 0}
    - target: {fileID: 7104732202992232058, guid: 7d3aa23e62af1fc4abef54d96cadfefa,
        type: 3}
      propertyPath: m_Layer
      value: 10
      objectReference: {fileID: 0}
    - target: {fileID: 7104732202992232058, guid: 7d3aa23e62af1fc4abef54d96cadfefa,
        type: 3}
      propertyPath: m_Name
      value: Hungry
      objectReference: {fileID: 0}
    - target: {fileID: 8041256106091541107, guid: 7d3aa23e62af1fc4abef54d96cadfefa,
        type: 3}
      propertyPath: m_SortingLayerID
      value: -300550691
      objectReference: {fileID: 0}
    - target: {fileID: 8041256106091541107, guid: 7d3aa23e62af1fc4abef54d96cadfefa,
        type: 3}
      propertyPath: m_SortingLayer
      value: 1
      objectReference: {fileID: 0}
    - target: {fileID: 8041256106091541107, guid: 7d3aa23e62af1fc4abef54d96cadfefa,
        type: 3}
      propertyPath: m_SortingOrder
      value: 2
      objectReference: {fileID: 0}
    - target: {fileID: 8041256106091541107, guid: 7d3aa23e62af1fc4abef54d96cadfefa,
        type: 3}
      propertyPath: m_Materials.Array.data[0]
      value: 
      objectReference: {fileID: 2100000, guid: dcb87f4990e1af646a6f9f802d589a69, type: 2}
    - target: {fileID: 4956149095935020206, guid: 7d3aa23e62af1fc4abef54d96cadfefa,
        type: 3}
      propertyPath: m_SortingLayerID
      value: -300550691
      objectReference: {fileID: 0}
    - target: {fileID: 4956149095935020206, guid: 7d3aa23e62af1fc4abef54d96cadfefa,
        type: 3}
      propertyPath: m_SortingLayer
      value: 1
      objectReference: {fileID: 0}
    - target: {fileID: 4956149095935020206, guid: 7d3aa23e62af1fc4abef54d96cadfefa,
        type: 3}
      propertyPath: m_SortingOrder
      value: 2
      objectReference: {fileID: 0}
    - target: {fileID: 4956149095935020206, guid: 7d3aa23e62af1fc4abef54d96cadfefa,
        type: 3}
      propertyPath: m_Materials.Array.data[0]
      value: 
      objectReference: {fileID: 2100000, guid: dcb87f4990e1af646a6f9f802d589a69, type: 2}
    - target: {fileID: 5244635359180533942, guid: 7d3aa23e62af1fc4abef54d96cadfefa,
        type: 3}
      propertyPath: m_SortingLayerID
      value: -300550691
      objectReference: {fileID: 0}
    - target: {fileID: 5244635359180533942, guid: 7d3aa23e62af1fc4abef54d96cadfefa,
        type: 3}
      propertyPath: m_SortingLayer
      value: 1
      objectReference: {fileID: 0}
    - target: {fileID: 5244635359180533942, guid: 7d3aa23e62af1fc4abef54d96cadfefa,
        type: 3}
      propertyPath: m_SortingOrder
      value: 2
      objectReference: {fileID: 0}
    - target: {fileID: 5244635359180533942, guid: 7d3aa23e62af1fc4abef54d96cadfefa,
        type: 3}
      propertyPath: m_Materials.Array.data[0]
      value: 
      objectReference: {fileID: 2100000, guid: dcb87f4990e1af646a6f9f802d589a69, type: 2}
    - target: {fileID: 1653896412913876168, guid: 7d3aa23e62af1fc4abef54d96cadfefa,
        type: 3}
      propertyPath: m_SortingLayerID
      value: -300550691
      objectReference: {fileID: 0}
    - target: {fileID: 1653896412913876168, guid: 7d3aa23e62af1fc4abef54d96cadfefa,
        type: 3}
      propertyPath: m_SortingLayer
      value: 1
      objectReference: {fileID: 0}
    - target: {fileID: 1653896412913876168, guid: 7d3aa23e62af1fc4abef54d96cadfefa,
        type: 3}
      propertyPath: m_SortingOrder
      value: 2
      objectReference: {fileID: 0}
    - target: {fileID: 1653896412913876168, guid: 7d3aa23e62af1fc4abef54d96cadfefa,
        type: 3}
      propertyPath: m_Materials.Array.data[0]
      value: 
      objectReference: {fileID: 2100000, guid: dcb87f4990e1af646a6f9f802d589a69, type: 2}
    - target: {fileID: 2149732028374009493, guid: 7d3aa23e62af1fc4abef54d96cadfefa,
        type: 3}
      propertyPath: m_SortingLayerID
      value: -300550691
      objectReference: {fileID: 0}
    - target: {fileID: 2149732028374009493, guid: 7d3aa23e62af1fc4abef54d96cadfefa,
        type: 3}
      propertyPath: m_SortingLayer
      value: 1
      objectReference: {fileID: 0}
    - target: {fileID: 2149732028374009493, guid: 7d3aa23e62af1fc4abef54d96cadfefa,
        type: 3}
      propertyPath: m_SortingOrder
      value: 2
      objectReference: {fileID: 0}
    - target: {fileID: 2149732028374009493, guid: 7d3aa23e62af1fc4abef54d96cadfefa,
        type: 3}
      propertyPath: m_Materials.Array.data[0]
      value: 
      objectReference: {fileID: 2100000, guid: dcb87f4990e1af646a6f9f802d589a69, type: 2}
    - target: {fileID: 1872288346124099116, guid: 7d3aa23e62af1fc4abef54d96cadfefa,
        type: 3}
      propertyPath: m_SortingLayerID
      value: -300550691
      objectReference: {fileID: 0}
    - target: {fileID: 1872288346124099116, guid: 7d3aa23e62af1fc4abef54d96cadfefa,
        type: 3}
      propertyPath: m_SortingLayer
      value: 1
      objectReference: {fileID: 0}
    - target: {fileID: 1872288346124099116, guid: 7d3aa23e62af1fc4abef54d96cadfefa,
        type: 3}
      propertyPath: m_SortingOrder
      value: 2
      objectReference: {fileID: 0}
    - target: {fileID: 1872288346124099116, guid: 7d3aa23e62af1fc4abef54d96cadfefa,
        type: 3}
      propertyPath: m_Materials.Array.data[0]
      value: 
      objectReference: {fileID: 2100000, guid: dcb87f4990e1af646a6f9f802d589a69, type: 2}
    m_RemovedComponents: []
  m_SourcePrefab: {fileID: 100100000, guid: 7d3aa23e62af1fc4abef54d96cadfefa, type: 3}
--- !u!1 &1281379416431145801 stripped
GameObject:
  m_CorrespondingSourceObject: {fileID: 7486138040898831623, guid: 7d3aa23e62af1fc4abef54d96cadfefa,
    type: 3}
  m_PrefabInstance: {fileID: 8515257036801341006}
  m_PrefabAsset: {fileID: 0}
--- !u!212 &7780290285962211547 stripped
SpriteRenderer:
  m_CorrespondingSourceObject: {fileID: 2149732028374009493, guid: 7d3aa23e62af1fc4abef54d96cadfefa,
    type: 3}
  m_PrefabInstance: {fileID: 8515257036801341006}
  m_PrefabAsset: {fileID: 0}
--- !u!1 &1434551285681952761 stripped
GameObject:
  m_CorrespondingSourceObject: {fileID: 7333208074130776503, guid: 7d3aa23e62af1fc4abef54d96cadfefa,
    type: 3}
  m_PrefabInstance: {fileID: 8515257036801341006}
  m_PrefabAsset: {fileID: 0}
--- !u!212 &3669169742404713184 stripped
SpriteRenderer:
  m_CorrespondingSourceObject: {fileID: 4956149095935020206, guid: 7d3aa23e62af1fc4abef54d96cadfefa,
    type: 3}
  m_PrefabInstance: {fileID: 8515257036801341006}
  m_PrefabAsset: {fileID: 0}
--- !u!212 &4532016757348026104 stripped
SpriteRenderer:
  m_CorrespondingSourceObject: {fileID: 5244635359180533942, guid: 7d3aa23e62af1fc4abef54d96cadfefa,
    type: 3}
  m_PrefabInstance: {fileID: 8515257036801341006}
  m_PrefabAsset: {fileID: 0}
--- !u!212 &1852108620430738493 stripped
SpriteRenderer:
  m_CorrespondingSourceObject: {fileID: 8041256106091541107, guid: 7d3aa23e62af1fc4abef54d96cadfefa,
    type: 3}
  m_PrefabInstance: {fileID: 8515257036801341006}
  m_PrefabAsset: {fileID: 0}
--- !u!1 &5663471511453907122 stripped
GameObject:
  m_CorrespondingSourceObject: {fileID: 4086159582096871164, guid: 7d3aa23e62af1fc4abef54d96cadfefa,
    type: 3}
  m_PrefabInstance: {fileID: 8515257036801341006}
  m_PrefabAsset: {fileID: 0}
--- !u!212 &6980464173867485830 stripped
SpriteRenderer:
  m_CorrespondingSourceObject: {fileID: 1653896412913876168, guid: 7d3aa23e62af1fc4abef54d96cadfefa,
    type: 3}
  m_PrefabInstance: {fileID: 8515257036801341006}
  m_PrefabAsset: {fileID: 0}
--- !u!1 &4512379096179278346 stripped
GameObject:
  m_CorrespondingSourceObject: {fileID: 5238660300363428932, guid: 7d3aa23e62af1fc4abef54d96cadfefa,
    type: 3}
  m_PrefabInstance: {fileID: 8515257036801341006}
  m_PrefabAsset: {fileID: 0}
--- !u!1 &1492188337422798900 stripped
GameObject:
  m_CorrespondingSourceObject: {fileID: 7104732202992232058, guid: 7d3aa23e62af1fc4abef54d96cadfefa,
    type: 3}
  m_PrefabInstance: {fileID: 8515257036801341006}
  m_PrefabAsset: {fileID: 0}
--- !u!4 &4765009386387876025 stripped
Transform:
  m_CorrespondingSourceObject: {fileID: 3750640744679694071, guid: 7d3aa23e62af1fc4abef54d96cadfefa,
    type: 3}
  m_PrefabInstance: {fileID: 8515257036801341006}
  m_PrefabAsset: {fileID: 0}
--- !u!212 &8059175575134464098 stripped
SpriteRenderer:
  m_CorrespondingSourceObject: {fileID: 1872288346124099116, guid: 7d3aa23e62af1fc4abef54d96cadfefa,
    type: 3}
  m_PrefabInstance: {fileID: 8515257036801341006}
  m_PrefabAsset: {fileID: 0}
--- !u!1 &6436840364717034157 stripped
GameObject:
  m_CorrespondingSourceObject: {fileID: 3420489543251049699, guid: 7d3aa23e62af1fc4abef54d96cadfefa,
    type: 3}
  m_PrefabInstance: {fileID: 8515257036801341006}
  m_PrefabAsset: {fileID: 0}
--- !u!212 &244659344862874837 stripped
SpriteRenderer:
  m_CorrespondingSourceObject: {fileID: 8451410731873106587, guid: 7d3aa23e62af1fc4abef54d96cadfefa,
    type: 3}
  m_PrefabInstance: {fileID: 8515257036801341006}
  m_PrefabAsset: {fileID: 0}
