%YAML 1.1
%TAG !u! tag:unity3d.com,2011:
--- !u!1 &1336221729275739657
GameObject:
  m_ObjectHideFlags: 0
  m_CorrespondingSourceObject: {fileID: 0}
  m_PrefabInstance: {fileID: 0}
  m_PrefabAsset: {fileID: 0}
  serializedVersion: 6
  m_Component:
  - component: {fileID: 1336221729275830825}
  - component: {fileID: 1336221729274503689}
  - component: {fileID: 1336221729273536713}
  m_Layer: 0
  m_Name: OutDoorRoad (2)
  m_TagString: Untagged
  m_Icon: {fileID: 0}
  m_NavMeshLayer: 0
  m_StaticEditorFlags: 0
  m_IsActive: 1
--- !u!4 &1336221729275830825
Transform:
  m_ObjectHideFlags: 0
  m_CorrespondingSourceObject: {fileID: 0}
  m_PrefabInstance: {fileID: 0}
  m_PrefabAsset: {fileID: 0}
  m_GameObject: {fileID: 1336221729275739657}
  m_LocalRotation: {x: -0, y: -0, z: -0, w: 1}
  m_LocalPosition: {x: 20.412594, y: -15.77215, z: 12.491538}
  m_LocalScale: {x: 1, y: 1, z: 1}
  m_Children:
  - {fileID: 4170215315261585168}
  - {fileID: 4101928435913734303}
  m_Father: {fileID: 3601991129833315340}
  m_RootOrder: 1
  m_LocalEulerAnglesHint: {x: 0, y: 0, z: 0}
--- !u!33 &1336221729274503689
MeshFilter:
  m_ObjectHideFlags: 0
  m_CorrespondingSourceObject: {fileID: 0}
  m_PrefabInstance: {fileID: 0}
  m_PrefabAsset: {fileID: 0}
  m_GameObject: {fileID: 1336221729275739657}
  m_Mesh: {fileID: 4300000, guid: d8570a484354e3e47a0328ebbf5ac0e4, type: 3}
--- !u!23 &1336221729273536713
MeshRenderer:
  m_ObjectHideFlags: 0
  m_CorrespondingSourceObject: {fileID: 0}
  m_PrefabInstance: {fileID: 0}
  m_PrefabAsset: {fileID: 0}
  m_GameObject: {fileID: 1336221729275739657}
  m_Enabled: 1
  m_CastShadows: 1
  m_ReceiveShadows: 1
  m_DynamicOccludee: 1
  m_MotionVectors: 1
  m_LightProbeUsage: 1
  m_ReflectionProbeUsage: 1
  m_RenderingLayerMask: 1
  m_RendererPriority: 0
  m_Materials:
  - {fileID: 2100000, guid: d8570a484354e3e47a0328ebbf5ac0e4, type: 3}
  m_StaticBatchInfo:
    firstSubMesh: 0
    subMeshCount: 0
  m_StaticBatchRoot: {fileID: 0}
  m_ProbeAnchor: {fileID: 0}
  m_LightProbeVolumeOverride: {fileID: 0}
  m_ScaleInLightmap: 1
  m_ReceiveGI: 1
  m_PreserveUVs: 0
  m_IgnoreNormalsForChartDetection: 0
  m_ImportantGI: 0
  m_StitchLightmapSeams: 0
  m_SelectedEditorRenderState: 3
  m_MinimumChartSize: 4
  m_AutoUVMaxDistance: 0.5
  m_AutoUVMaxAngle: 89
  m_LightmapParameters: {fileID: 0}
  m_SortingLayerID: 0
  m_SortingLayer: 0
  m_SortingOrder: 0
--- !u!1 &1613238988150100107
GameObject:
  m_ObjectHideFlags: 0
  m_CorrespondingSourceObject: {fileID: 0}
  m_PrefabInstance: {fileID: 0}
  m_PrefabAsset: {fileID: 0}
  serializedVersion: 6
  m_Component:
  - component: {fileID: 1613238988149673131}
  - component: {fileID: 1613238988146773131}
  - component: {fileID: 1613238988147904075}
  m_Layer: 0
  m_Name: OutDoorRoad (4)
  m_TagString: Untagged
  m_Icon: {fileID: 0}
  m_NavMeshLayer: 0
  m_StaticEditorFlags: 0
  m_IsActive: 1
--- !u!4 &1613238988149673131
Transform:
  m_ObjectHideFlags: 0
  m_CorrespondingSourceObject: {fileID: 0}
  m_PrefabInstance: {fileID: 0}
  m_PrefabAsset: {fileID: 0}
  m_GameObject: {fileID: 1613238988150100107}
  m_LocalRotation: {x: -0, y: -0, z: -0, w: 1}
  m_LocalPosition: {x: 20.412594, y: -15.77215, z: -17.508461}
  m_LocalScale: {x: 1, y: 1, z: 1}
  m_Children: []
  m_Father: {fileID: 3601991129833315340}
  m_RootOrder: 3
  m_LocalEulerAnglesHint: {x: 0, y: 0, z: 0}
--- !u!33 &1613238988146773131
MeshFilter:
  m_ObjectHideFlags: 0
  m_CorrespondingSourceObject: {fileID: 0}
  m_PrefabInstance: {fileID: 0}
  m_PrefabAsset: {fileID: 0}
  m_GameObject: {fileID: 1613238988150100107}
  m_Mesh: {fileID: 4300000, guid: d8570a484354e3e47a0328ebbf5ac0e4, type: 3}
--- !u!23 &1613238988147904075
MeshRenderer:
  m_ObjectHideFlags: 0
  m_CorrespondingSourceObject: {fileID: 0}
  m_PrefabInstance: {fileID: 0}
  m_PrefabAsset: {fileID: 0}
  m_GameObject: {fileID: 1613238988150100107}
  m_Enabled: 1
  m_CastShadows: 1
  m_ReceiveShadows: 1
  m_DynamicOccludee: 1
  m_MotionVectors: 1
  m_LightProbeUsage: 1
  m_ReflectionProbeUsage: 1
  m_RenderingLayerMask: 1
  m_RendererPriority: 0
  m_Materials:
  - {fileID: 2100000, guid: d8570a484354e3e47a0328ebbf5ac0e4, type: 3}
  m_StaticBatchInfo:
    firstSubMesh: 0
    subMeshCount: 0
  m_StaticBatchRoot: {fileID: 0}
  m_ProbeAnchor: {fileID: 0}
  m_LightProbeVolumeOverride: {fileID: 0}
  m_ScaleInLightmap: 1
  m_ReceiveGI: 1
  m_PreserveUVs: 0
  m_IgnoreNormalsForChartDetection: 0
  m_ImportantGI: 0
  m_StitchLightmapSeams: 0
  m_SelectedEditorRenderState: 3
  m_MinimumChartSize: 4
  m_AutoUVMaxDistance: 0.5
  m_AutoUVMaxAngle: 89
  m_LightmapParameters: {fileID: 0}
  m_SortingLayerID: 0
  m_SortingLayer: 0
  m_SortingOrder: 0
--- !u!1 &1621370145563320693
GameObject:
  m_ObjectHideFlags: 0
  m_CorrespondingSourceObject: {fileID: 0}
  m_PrefabInstance: {fileID: 0}
  m_PrefabAsset: {fileID: 0}
  serializedVersion: 6
  m_Component:
  - component: {fileID: 1621370145563622741}
  - component: {fileID: 1621370145560231285}
  - component: {fileID: 1621370145561329589}
  m_Layer: 0
  m_Name: OutDoorRoad
  m_TagString: Untagged
  m_Icon: {fileID: 0}
  m_NavMeshLayer: 0
  m_StaticEditorFlags: 0
  m_IsActive: 1
--- !u!4 &1621370145563622741
Transform:
  m_ObjectHideFlags: 0
  m_CorrespondingSourceObject: {fileID: 0}
  m_PrefabInstance: {fileID: 0}
  m_PrefabAsset: {fileID: 0}
  m_GameObject: {fileID: 1621370145563320693}
  m_LocalRotation: {x: -0, y: -0, z: -0, w: 1}
  m_LocalPosition: {x: 20.412594, y: -15.77215, z: 2.493838}
  m_LocalScale: {x: 1, y: 1, z: 1}
  m_Children:
  - {fileID: 5169541124266257780}
  m_Father: {fileID: 3601991129833315340}
  m_RootOrder: 6
  m_LocalEulerAnglesHint: {x: 0, y: 0, z: 0}
--- !u!33 &1621370145560231285
MeshFilter:
  m_ObjectHideFlags: 0
  m_CorrespondingSourceObject: {fileID: 0}
  m_PrefabInstance: {fileID: 0}
  m_PrefabAsset: {fileID: 0}
  m_GameObject: {fileID: 1621370145563320693}
  m_Mesh: {fileID: 4300000, guid: d8570a484354e3e47a0328ebbf5ac0e4, type: 3}
--- !u!23 &1621370145561329589
MeshRenderer:
  m_ObjectHideFlags: 0
  m_CorrespondingSourceObject: {fileID: 0}
  m_PrefabInstance: {fileID: 0}
  m_PrefabAsset: {fileID: 0}
  m_GameObject: {fileID: 1621370145563320693}
  m_Enabled: 1
  m_CastShadows: 1
  m_ReceiveShadows: 1
  m_DynamicOccludee: 1
  m_MotionVectors: 1
  m_LightProbeUsage: 1
  m_ReflectionProbeUsage: 1
  m_RenderingLayerMask: 1
  m_RendererPriority: 0
  m_Materials:
  - {fileID: 2100000, guid: d8570a484354e3e47a0328ebbf5ac0e4, type: 3}
  m_StaticBatchInfo:
    firstSubMesh: 0
    subMeshCount: 0
  m_StaticBatchRoot: {fileID: 0}
  m_ProbeAnchor: {fileID: 0}
  m_LightProbeVolumeOverride: {fileID: 0}
  m_ScaleInLightmap: 1
  m_ReceiveGI: 1
  m_PreserveUVs: 0
  m_IgnoreNormalsForChartDetection: 0
  m_ImportantGI: 0
  m_StitchLightmapSeams: 0
  m_SelectedEditorRenderState: 3
  m_MinimumChartSize: 4
  m_AutoUVMaxDistance: 0.5
  m_AutoUVMaxAngle: 89
  m_LightmapParameters: {fileID: 0}
  m_SortingLayerID: 0
  m_SortingLayer: 0
  m_SortingOrder: 0
--- !u!1 &2412235381461566556
GameObject:
  m_ObjectHideFlags: 0
  m_CorrespondingSourceObject: {fileID: 0}
  m_PrefabInstance: {fileID: 0}
  m_PrefabAsset: {fileID: 0}
  serializedVersion: 6
  m_Component:
  - component: {fileID: 3601991129833315340}
  m_Layer: 0
  m_Name: Road
  m_TagString: Untagged
  m_Icon: {fileID: 0}
  m_NavMeshLayer: 0
  m_StaticEditorFlags: 0
  m_IsActive: 1
--- !u!4 &3601991129833315340
Transform:
  m_ObjectHideFlags: 0
  m_CorrespondingSourceObject: {fileID: 0}
  m_PrefabInstance: {fileID: 0}
  m_PrefabAsset: {fileID: 0}
  m_GameObject: {fileID: 2412235381461566556}
  m_LocalRotation: {x: 0, y: 0, z: 0, w: 1}
  m_LocalPosition: {x: -25.462593, y: 15.66346, z: 0.75846195}
  m_LocalScale: {x: 1, y: 1, z: 1}
  m_Children:
  - {fileID: 9127843908150122248}
  - {fileID: 1336221729275830825}
  - {fileID: 7816469261147643388}
  - {fileID: 1613238988149673131}
  - {fileID: 2496731133669813028}
  - {fileID: 5062221023201910134}
  - {fileID: 1621370145563622741}
  m_Father: {fileID: 0}
  m_RootOrder: 0
  m_LocalEulerAnglesHint: {x: 0, y: 0, z: 0}
--- !u!1 &2496731133669783300
GameObject:
  m_ObjectHideFlags: 0
  m_CorrespondingSourceObject: {fileID: 0}
  m_PrefabInstance: {fileID: 0}
  m_PrefabAsset: {fileID: 0}
  serializedVersion: 6
  m_Component:
  - component: {fileID: 2496731133669813028}
  - component: {fileID: 2496731133672712964}
  - component: {fileID: 2496731133671713220}
  m_Layer: 0
  m_Name: OutDoorRoad (5)
  m_TagString: Untagged
  m_Icon: {fileID: 0}
  m_NavMeshLayer: 0
  m_StaticEditorFlags: 0
  m_IsActive: 1
--- !u!4 &2496731133669813028
Transform:
  m_ObjectHideFlags: 0
  m_CorrespondingSourceObject: {fileID: 0}
  m_PrefabInstance: {fileID: 0}
  m_PrefabAsset: {fileID: 0}
  m_GameObject: {fileID: 2496731133669783300}
  m_LocalRotation: {x: -0, y: -0, z: -0, w: 1}
  m_LocalPosition: {x: 20.412594, y: -15.77215, z: 32.49154}
  m_LocalScale: {x: 1, y: 1, z: 1}
  m_Children:
  - {fileID: 631039428719997330}
  m_Father: {fileID: 3601991129833315340}
  m_RootOrder: 4
  m_LocalEulerAnglesHint: {x: 0, y: 0, z: 0}
--- !u!33 &2496731133672712964
MeshFilter:
  m_ObjectHideFlags: 0
  m_CorrespondingSourceObject: {fileID: 0}
  m_PrefabInstance: {fileID: 0}
  m_PrefabAsset: {fileID: 0}
  m_GameObject: {fileID: 2496731133669783300}
  m_Mesh: {fileID: 4300000, guid: d8570a484354e3e47a0328ebbf5ac0e4, type: 3}
--- !u!23 &2496731133671713220
MeshRenderer:
  m_ObjectHideFlags: 0
  m_CorrespondingSourceObject: {fileID: 0}
  m_PrefabInstance: {fileID: 0}
  m_PrefabAsset: {fileID: 0}
  m_GameObject: {fileID: 2496731133669783300}
  m_Enabled: 1
  m_CastShadows: 1
  m_ReceiveShadows: 1
  m_DynamicOccludee: 1
  m_MotionVectors: 1
  m_LightProbeUsage: 1
  m_ReflectionProbeUsage: 1
  m_RenderingLayerMask: 1
  m_RendererPriority: 0
  m_Materials:
  - {fileID: 2100000, guid: d8570a484354e3e47a0328ebbf5ac0e4, type: 3}
  m_StaticBatchInfo:
    firstSubMesh: 0
    subMeshCount: 0
  m_StaticBatchRoot: {fileID: 0}
  m_ProbeAnchor: {fileID: 0}
  m_LightProbeVolumeOverride: {fileID: 0}
  m_ScaleInLightmap: 1
  m_ReceiveGI: 1
  m_PreserveUVs: 0
  m_IgnoreNormalsForChartDetection: 0
  m_ImportantGI: 0
  m_StitchLightmapSeams: 0
  m_SelectedEditorRenderState: 3
  m_MinimumChartSize: 4
  m_AutoUVMaxDistance: 0.5
  m_AutoUVMaxAngle: 89
  m_LightmapParameters: {fileID: 0}
  m_SortingLayerID: 0
  m_SortingLayer: 0
  m_SortingOrder: 0
--- !u!1 &5062221023201542486
GameObject:
  m_ObjectHideFlags: 0
  m_CorrespondingSourceObject: {fileID: 0}
  m_PrefabInstance: {fileID: 0}
  m_PrefabAsset: {fileID: 0}
  serializedVersion: 6
  m_Component:
  - component: {fileID: 5062221023201910134}
  - component: {fileID: 5062221023198485846}
  - component: {fileID: 5062221023199616918}
  m_Layer: 0
  m_Name: OutDoorRoad (6)
  m_TagString: Untagged
  m_Icon: {fileID: 0}
  m_NavMeshLayer: 0
  m_StaticEditorFlags: 0
  m_IsActive: 1
--- !u!4 &5062221023201910134
Transform:
  m_ObjectHideFlags: 0
  m_CorrespondingSourceObject: {fileID: 0}
  m_PrefabInstance: {fileID: 0}
  m_PrefabAsset: {fileID: 0}
  m_GameObject: {fileID: 5062221023201542486}
  m_LocalRotation: {x: -0, y: -0, z: -0, w: 1}
  m_LocalPosition: {x: 20.412594, y: -15.77215, z: -27.508461}
  m_LocalScale: {x: 1, y: 1, z: 1}
  m_Children:
  - {fileID: 7793289539210184640}
  m_Father: {fileID: 3601991129833315340}
  m_RootOrder: 5
  m_LocalEulerAnglesHint: {x: 0, y: 0, z: 0}
--- !u!33 &5062221023198485846
MeshFilter:
  m_ObjectHideFlags: 0
  m_CorrespondingSourceObject: {fileID: 0}
  m_PrefabInstance: {fileID: 0}
  m_PrefabAsset: {fileID: 0}
  m_GameObject: {fileID: 5062221023201542486}
  m_Mesh: {fileID: 4300000, guid: d8570a484354e3e47a0328ebbf5ac0e4, type: 3}
--- !u!23 &5062221023199616918
MeshRenderer:
  m_ObjectHideFlags: 0
  m_CorrespondingSourceObject: {fileID: 0}
  m_PrefabInstance: {fileID: 0}
  m_PrefabAsset: {fileID: 0}
  m_GameObject: {fileID: 5062221023201542486}
  m_Enabled: 1
  m_CastShadows: 1
  m_ReceiveShadows: 1
  m_DynamicOccludee: 1
  m_MotionVectors: 1
  m_LightProbeUsage: 1
  m_ReflectionProbeUsage: 1
  m_RenderingLayerMask: 1
  m_RendererPriority: 0
  m_Materials:
  - {fileID: 2100000, guid: d8570a484354e3e47a0328ebbf5ac0e4, type: 3}
  m_StaticBatchInfo:
    firstSubMesh: 0
    subMeshCount: 0
  m_StaticBatchRoot: {fileID: 0}
  m_ProbeAnchor: {fileID: 0}
  m_LightProbeVolumeOverride: {fileID: 0}
  m_ScaleInLightmap: 1
  m_ReceiveGI: 1
  m_PreserveUVs: 0
  m_IgnoreNormalsForChartDetection: 0
  m_ImportantGI: 0
  m_StitchLightmapSeams: 0
  m_SelectedEditorRenderState: 3
  m_MinimumChartSize: 4
  m_AutoUVMaxDistance: 0.5
  m_AutoUVMaxAngle: 89
  m_LightmapParameters: {fileID: 0}
  m_SortingLayerID: 0
  m_SortingLayer: 0
  m_SortingOrder: 0
--- !u!1 &7816469261147210204
GameObject:
  m_ObjectHideFlags: 0
  m_CorrespondingSourceObject: {fileID: 0}
  m_PrefabInstance: {fileID: 0}
  m_PrefabAsset: {fileID: 0}
  serializedVersion: 6
  m_Component:
  - component: {fileID: 7816469261147643388}
  - component: {fileID: 7816469261144251868}
  - component: {fileID: 7816469261145218844}
  m_Layer: 0
  m_Name: OutDoorRoad (3)
  m_TagString: Untagged
  m_Icon: {fileID: 0}
  m_NavMeshLayer: 0
  m_StaticEditorFlags: 0
  m_IsActive: 1
--- !u!4 &7816469261147643388
Transform:
  m_ObjectHideFlags: 0
  m_CorrespondingSourceObject: {fileID: 0}
  m_PrefabInstance: {fileID: 0}
  m_PrefabAsset: {fileID: 0}
  m_GameObject: {fileID: 7816469261147210204}
  m_LocalRotation: {x: -0, y: -0, z: -0, w: 1}
  m_LocalPosition: {x: 20.412594, y: -15.77215, z: 22.491539}
  m_LocalScale: {x: 1, y: 1, z: 1}
  m_Children: []
  m_Father: {fileID: 3601991129833315340}
  m_RootOrder: 2
  m_LocalEulerAnglesHint: {x: 0, y: 0, z: 0}
--- !u!33 &7816469261144251868
MeshFilter:
  m_ObjectHideFlags: 0
  m_CorrespondingSourceObject: {fileID: 0}
  m_PrefabInstance: {fileID: 0}
  m_PrefabAsset: {fileID: 0}
  m_GameObject: {fileID: 7816469261147210204}
  m_Mesh: {fileID: 4300000, guid: d8570a484354e3e47a0328ebbf5ac0e4, type: 3}
--- !u!23 &7816469261145218844
MeshRenderer:
  m_ObjectHideFlags: 0
  m_CorrespondingSourceObject: {fileID: 0}
  m_PrefabInstance: {fileID: 0}
  m_PrefabAsset: {fileID: 0}
  m_GameObject: {fileID: 7816469261147210204}
  m_Enabled: 1
  m_CastShadows: 1
  m_ReceiveShadows: 1
  m_DynamicOccludee: 1
  m_MotionVectors: 1
  m_LightProbeUsage: 1
  m_ReflectionProbeUsage: 1
  m_RenderingLayerMask: 1
  m_RendererPriority: 0
  m_Materials:
  - {fileID: 2100000, guid: d8570a484354e3e47a0328ebbf5ac0e4, type: 3}
  m_StaticBatchInfo:
    firstSubMesh: 0
    subMeshCount: 0
  m_StaticBatchRoot: {fileID: 0}
  m_ProbeAnchor: {fileID: 0}
  m_LightProbeVolumeOverride: {fileID: 0}
  m_ScaleInLightmap: 1
  m_ReceiveGI: 1
  m_PreserveUVs: 0
  m_IgnoreNormalsForChartDetection: 0
  m_ImportantGI: 0
  m_StitchLightmapSeams: 0
  m_SelectedEditorRenderState: 3
  m_MinimumChartSize: 4
  m_AutoUVMaxDistance: 0.5
  m_AutoUVMaxAngle: 89
  m_LightmapParameters: {fileID: 0}
  m_SortingLayerID: 0
  m_SortingLayer: 0
  m_SortingOrder: 0
--- !u!1 &9127843908150610728
GameObject:
  m_ObjectHideFlags: 0
  m_CorrespondingSourceObject: {fileID: 0}
  m_PrefabInstance: {fileID: 0}
  m_PrefabAsset: {fileID: 0}
  serializedVersion: 6
  m_Component:
  - component: {fileID: 9127843908150122248}
  - component: {fileID: 9127843908153513768}
  - component: {fileID: 9127843908152546792}
  m_Layer: 0
  m_Name: OutDoorRoad (1)
  m_TagString: Untagged
  m_Icon: {fileID: 0}
  m_NavMeshLayer: 0
  m_StaticEditorFlags: 0
  m_IsActive: 1
--- !u!4 &9127843908150122248
Transform:
  m_ObjectHideFlags: 0
  m_CorrespondingSourceObject: {fileID: 0}
  m_PrefabInstance: {fileID: 0}
  m_PrefabAsset: {fileID: 0}
  m_GameObject: {fileID: 9127843908150610728}
  m_LocalRotation: {x: -0, y: -0, z: -0, w: 1}
  m_LocalPosition: {x: 20.412594, y: -15.77215, z: -7.508462}
  m_LocalScale: {x: 1, y: 1, z: 1}
  m_Children:
  - {fileID: 6194771127964516913}
  - {fileID: 6110066469835541950}
  m_Father: {fileID: 3601991129833315340}
  m_RootOrder: 0
  m_LocalEulerAnglesHint: {x: 0, y: 0, z: 0}
--- !u!33 &9127843908153513768
MeshFilter:
  m_ObjectHideFlags: 0
  m_CorrespondingSourceObject: {fileID: 0}
  m_PrefabInstance: {fileID: 0}
  m_PrefabAsset: {fileID: 0}
  m_GameObject: {fileID: 9127843908150610728}
  m_Mesh: {fileID: 4300000, guid: d8570a484354e3e47a0328ebbf5ac0e4, type: 3}
--- !u!23 &9127843908152546792
MeshRenderer:
  m_ObjectHideFlags: 0
  m_CorrespondingSourceObject: {fileID: 0}
  m_PrefabInstance: {fileID: 0}
  m_PrefabAsset: {fileID: 0}
  m_GameObject: {fileID: 9127843908150610728}
  m_Enabled: 1
  m_CastShadows: 1
  m_ReceiveShadows: 1
  m_DynamicOccludee: 1
  m_MotionVectors: 1
  m_LightProbeUsage: 1
  m_ReflectionProbeUsage: 1
  m_RenderingLayerMask: 1
  m_RendererPriority: 0
  m_Materials:
  - {fileID: 2100000, guid: d8570a484354e3e47a0328ebbf5ac0e4, type: 3}
  m_StaticBatchInfo:
    firstSubMesh: 0
    subMeshCount: 0
  m_StaticBatchRoot: {fileID: 0}
  m_ProbeAnchor: {fileID: 0}
  m_LightProbeVolumeOverride: {fileID: 0}
  m_ScaleInLightmap: 1
  m_ReceiveGI: 1
  m_PreserveUVs: 0
  m_IgnoreNormalsForChartDetection: 0
  m_ImportantGI: 0
  m_StitchLightmapSeams: 0
  m_SelectedEditorRenderState: 3
  m_MinimumChartSize: 4
  m_AutoUVMaxDistance: 0.5
  m_AutoUVMaxAngle: 89
  m_LightmapParameters: {fileID: 0}
  m_SortingLayerID: 0
  m_SortingLayer: 0
  m_SortingOrder: 0
--- !u!1001 &631039428719602448
PrefabInstance:
  m_ObjectHideFlags: 0
  serializedVersion: 2
  m_Modification:
    m_TransformParent: {fileID: 2496731133669813028}
    m_Modifications:
    - target: {fileID: 100002, guid: fbc484f5295e29046915e00b914395a9, type: 3}
      propertyPath: m_Name
      value: StreetLight
      objectReference: {fileID: 0}
    - target: {fileID: 400002, guid: fbc484f5295e29046915e00b914395a9, type: 3}
      propertyPath: m_LocalPosition.x
      value: 4.9000015
      objectReference: {fileID: 0}
    - target: {fileID: 400002, guid: fbc484f5295e29046915e00b914395a9, type: 3}
      propertyPath: m_LocalPosition.y
      value: 2.560997
      objectReference: {fileID: 0}
    - target: {fileID: 400002, guid: fbc484f5295e29046915e00b914395a9, type: 3}
      propertyPath: m_LocalPosition.z
      value: -8.287003
      objectReference: {fileID: 0}
    - target: {fileID: 400002, guid: fbc484f5295e29046915e00b914395a9, type: 3}
      propertyPath: m_LocalRotation.x
      value: -0
      objectReference: {fileID: 0}
    - target: {fileID: 400002, guid: fbc484f5295e29046915e00b914395a9, type: 3}
      propertyPath: m_LocalRotation.y
      value: -0
      objectReference: {fileID: 0}
    - target: {fileID: 400002, guid: fbc484f5295e29046915e00b914395a9, type: 3}
      propertyPath: m_LocalRotation.z
      value: -0
      objectReference: {fileID: 0}
    - target: {fileID: 400002, guid: fbc484f5295e29046915e00b914395a9, type: 3}
      propertyPath: m_LocalRotation.w
      value: 1
      objectReference: {fileID: 0}
    - target: {fileID: 400002, guid: fbc484f5295e29046915e00b914395a9, type: 3}
      propertyPath: m_RootOrder
      value: 0
      objectReference: {fileID: 0}
    - target: {fileID: 400002, guid: fbc484f5295e29046915e00b914395a9, type: 3}
      propertyPath: m_LocalEulerAnglesHint.x
      value: 0
      objectReference: {fileID: 0}
    - target: {fileID: 400002, guid: fbc484f5295e29046915e00b914395a9, type: 3}
      propertyPath: m_LocalEulerAnglesHint.y
      value: 0
      objectReference: {fileID: 0}
    - target: {fileID: 400002, guid: fbc484f5295e29046915e00b914395a9, type: 3}
      propertyPath: m_LocalEulerAnglesHint.z
      value: 0
      objectReference: {fileID: 0}
    m_RemovedComponents: []
  m_SourcePrefab: {fileID: 100100000, guid: fbc484f5295e29046915e00b914395a9, type: 3}
--- !u!4 &631039428719997330 stripped
Transform:
  m_CorrespondingSourceObject: {fileID: 400002, guid: fbc484f5295e29046915e00b914395a9,
    type: 3}
  m_PrefabInstance: {fileID: 631039428719602448}
  m_PrefabAsset: {fileID: 0}
--- !u!1001 &4101928435913335325
PrefabInstance:
  m_ObjectHideFlags: 0
  serializedVersion: 2
  m_Modification:
    m_TransformParent: {fileID: 1336221729275830825}
    m_Modifications:
    - target: {fileID: 100002, guid: fbc484f5295e29046915e00b914395a9, type: 3}
      propertyPath: m_Name
      value: StreetLight
      objectReference: {fileID: 0}
    - target: {fileID: 400002, guid: fbc484f5295e29046915e00b914395a9, type: 3}
      propertyPath: m_LocalPosition.x
      value: 4.9000015
      objectReference: {fileID: 0}
    - target: {fileID: 400002, guid: fbc484f5295e29046915e00b914395a9, type: 3}
      propertyPath: m_LocalPosition.y
      value: 2.560997
      objectReference: {fileID: 0}
    - target: {fileID: 400002, guid: fbc484f5295e29046915e00b914395a9, type: 3}
      propertyPath: m_LocalPosition.z
      value: -8.287003
      objectReference: {fileID: 0}
    - target: {fileID: 400002, guid: fbc484f5295e29046915e00b914395a9, type: 3}
      propertyPath: m_LocalRotation.x
      value: -0
      objectReference: {fileID: 0}
    - target: {fileID: 400002, guid: fbc484f5295e29046915e00b914395a9, type: 3}
      propertyPath: m_LocalRotation.y
      value: -0
      objectReference: {fileID: 0}
    - target: {fileID: 400002, guid: fbc484f5295e29046915e00b914395a9, type: 3}
      propertyPath: m_LocalRotation.z
      value: -0
      objectReference: {fileID: 0}
    - target: {fileID: 400002, guid: fbc484f5295e29046915e00b914395a9, type: 3}
      propertyPath: m_LocalRotation.w
      value: 1
      objectReference: {fileID: 0}
    - target: {fileID: 400002, guid: fbc484f5295e29046915e00b914395a9, type: 3}
      propertyPath: m_RootOrder
      value: 1
      objectReference: {fileID: 0}
    - target: {fileID: 400002, guid: fbc484f5295e29046915e00b914395a9, type: 3}
      propertyPath: m_LocalEulerAnglesHint.x
      value: 0
      objectReference: {fileID: 0}
    - target: {fileID: 400002, guid: fbc484f5295e29046915e00b914395a9, type: 3}
      propertyPath: m_LocalEulerAnglesHint.y
      value: 0
      objectReference: {fileID: 0}
    - target: {fileID: 400002, guid: fbc484f5295e29046915e00b914395a9, type: 3}
      propertyPath: m_LocalEulerAnglesHint.z
      value: 0
      objectReference: {fileID: 0}
    m_RemovedComponents: []
  m_SourcePrefab: {fileID: 100100000, guid: fbc484f5295e29046915e00b914395a9, type: 3}
--- !u!4 &4101928435913734303 stripped
Transform:
  m_CorrespondingSourceObject: {fileID: 400002, guid: fbc484f5295e29046915e00b914395a9,
    type: 3}
  m_PrefabInstance: {fileID: 4101928435913335325}
  m_PrefabAsset: {fileID: 0}
--- !u!1001 &4170215315261189520
PrefabInstance:
  m_ObjectHideFlags: 0
  serializedVersion: 2
  m_Modification:
    m_TransformParent: {fileID: 1336221729275830825}
    m_Modifications:
    - target: {fileID: 100000, guid: 894fe445bb368824b97a72bae8e4de44, type: 3}
      propertyPath: m_Name
      value: OutDoorBin
      objectReference: {fileID: 0}
    - target: {fileID: 400000, guid: 894fe445bb368824b97a72bae8e4de44, type: 3}
      propertyPath: m_LocalPosition.x
      value: -11.044
      objectReference: {fileID: 0}
    - target: {fileID: 400000, guid: 894fe445bb368824b97a72bae8e4de44, type: 3}
      propertyPath: m_LocalPosition.y
      value: 0.33414
      objectReference: {fileID: 0}
    - target: {fileID: 400000, guid: 894fe445bb368824b97a72bae8e4de44, type: 3}
      propertyPath: m_LocalPosition.z
      value: -4.872
      objectReference: {fileID: 0}
    - target: {fileID: 400000, guid: 894fe445bb368824b97a72bae8e4de44, type: 3}
      propertyPath: m_LocalRotation.x
      value: -0
      objectReference: {fileID: 0}
    - target: {fileID: 400000, guid: 894fe445bb368824b97a72bae8e4de44, type: 3}
      propertyPath: m_LocalRotation.y
      value: -0
      objectReference: {fileID: 0}
    - target: {fileID: 400000, guid: 894fe445bb368824b97a72bae8e4de44, type: 3}
      propertyPath: m_LocalRotation.z
      value: -0
      objectReference: {fileID: 0}
    - target: {fileID: 400000, guid: 894fe445bb368824b97a72bae8e4de44, type: 3}
      propertyPath: m_LocalRotation.w
      value: 1
      objectReference: {fileID: 0}
    - target: {fileID: 400000, guid: 894fe445bb368824b97a72bae8e4de44, type: 3}
      propertyPath: m_RootOrder
      value: 0
      objectReference: {fileID: 0}
    - target: {fileID: 400000, guid: 894fe445bb368824b97a72bae8e4de44, type: 3}
      propertyPath: m_LocalEulerAnglesHint.x
      value: 0
      objectReference: {fileID: 0}
    - target: {fileID: 400000, guid: 894fe445bb368824b97a72bae8e4de44, type: 3}
      propertyPath: m_LocalEulerAnglesHint.y
      value: 0
      objectReference: {fileID: 0}
    - target: {fileID: 400000, guid: 894fe445bb368824b97a72bae8e4de44, type: 3}
      propertyPath: m_LocalEulerAnglesHint.z
      value: 0
      objectReference: {fileID: 0}
    - target: {fileID: 400000, guid: 894fe445bb368824b97a72bae8e4de44, type: 3}
      propertyPath: m_LocalScale.x
      value: 0.8
      objectReference: {fileID: 0}
    - target: {fileID: 400000, guid: 894fe445bb368824b97a72bae8e4de44, type: 3}
      propertyPath: m_LocalScale.y
      value: 0.8
      objectReference: {fileID: 0}
    - target: {fileID: 400000, guid: 894fe445bb368824b97a72bae8e4de44, type: 3}
      propertyPath: m_LocalScale.z
      value: 0.8
      objectReference: {fileID: 0}
    m_RemovedComponents: []
  m_SourcePrefab: {fileID: 100100000, guid: 894fe445bb368824b97a72bae8e4de44, type: 3}
--- !u!4 &4170215315261585168 stripped
Transform:
  m_CorrespondingSourceObject: {fileID: 400000, guid: 894fe445bb368824b97a72bae8e4de44,
    type: 3}
  m_PrefabInstance: {fileID: 4170215315261189520}
  m_PrefabAsset: {fileID: 0}
--- !u!1001 &5169541124266653684
PrefabInstance:
  m_ObjectHideFlags: 0
  serializedVersion: 2
  m_Modification:
    m_TransformParent: {fileID: 1621370145563622741}
    m_Modifications:
    - target: {fileID: 100000, guid: e1c56cfd8a5c39e488e0f89fb8a81013, type: 3}
      propertyPath: m_Name
      value: FireHydrant
      objectReference: {fileID: 0}
    - target: {fileID: 400000, guid: e1c56cfd8a5c39e488e0f89fb8a81013, type: 3}
      propertyPath: m_LocalPosition.x
      value: -10.11
      objectReference: {fileID: 0}
    - target: {fileID: 400000, guid: e1c56cfd8a5c39e488e0f89fb8a81013, type: 3}
      propertyPath: m_LocalPosition.y
      value: 0.40935
      objectReference: {fileID: 0}
    - target: {fileID: 400000, guid: e1c56cfd8a5c39e488e0f89fb8a81013, type: 3}
      propertyPath: m_LocalPosition.z
      value: -3.3296
      objectReference: {fileID: 0}
    - target: {fileID: 400000, guid: e1c56cfd8a5c39e488e0f89fb8a81013, type: 3}
      propertyPath: m_LocalRotation.x
      value: 0
      objectReference: {fileID: 0}
    - target: {fileID: 400000, guid: e1c56cfd8a5c39e488e0f89fb8a81013, type: 3}
      propertyPath: m_LocalRotation.y
      value: 1
      objectReference: {fileID: 0}
    - target: {fileID: 400000, guid: e1c56cfd8a5c39e488e0f89fb8a81013, type: 3}
      propertyPath: m_LocalRotation.z
      value: 0
      objectReference: {fileID: 0}
    - target: {fileID: 400000, guid: e1c56cfd8a5c39e488e0f89fb8a81013, type: 3}
      propertyPath: m_LocalRotation.w
      value: 0
      objectReference: {fileID: 0}
    - target: {fileID: 400000, guid: e1c56cfd8a5c39e488e0f89fb8a81013, type: 3}
      propertyPath: m_RootOrder
      value: 0
      objectReference: {fileID: 0}
    - target: {fileID: 400000, guid: e1c56cfd8a5c39e488e0f89fb8a81013, type: 3}
      propertyPath: m_LocalEulerAnglesHint.x
      value: 0
      objectReference: {fileID: 0}
    - target: {fileID: 400000, guid: e1c56cfd8a5c39e488e0f89fb8a81013, type: 3}
      propertyPath: m_LocalEulerAnglesHint.y
      value: 180
      objectReference: {fileID: 0}
    - target: {fileID: 400000, guid: e1c56cfd8a5c39e488e0f89fb8a81013, type: 3}
      propertyPath: m_LocalEulerAnglesHint.z
      value: 0
      objectReference: {fileID: 0}
    - target: {fileID: 400000, guid: e1c56cfd8a5c39e488e0f89fb8a81013, type: 3}
      propertyPath: m_LocalScale.x
      value: 0.6
      objectReference: {fileID: 0}
    - target: {fileID: 400000, guid: e1c56cfd8a5c39e488e0f89fb8a81013, type: 3}
      propertyPath: m_LocalScale.y
      value: 0.6
      objectReference: {fileID: 0}
    - target: {fileID: 400000, guid: e1c56cfd8a5c39e488e0f89fb8a81013, type: 3}
      propertyPath: m_LocalScale.z
      value: 0.6
      objectReference: {fileID: 0}
    m_RemovedComponents: []
  m_SourcePrefab: {fileID: 100100000, guid: e1c56cfd8a5c39e488e0f89fb8a81013, type: 3}
--- !u!4 &5169541124266257780 stripped
Transform:
  m_CorrespondingSourceObject: {fileID: 400000, guid: e1c56cfd8a5c39e488e0f89fb8a81013,
    type: 3}
  m_PrefabInstance: {fileID: 5169541124266653684}
  m_PrefabAsset: {fileID: 0}
--- !u!1001 &6110066469835675452
PrefabInstance:
  m_ObjectHideFlags: 0
  serializedVersion: 2
  m_Modification:
    m_TransformParent: {fileID: 9127843908150122248}
    m_Modifications:
    - target: {fileID: 100002, guid: fbc484f5295e29046915e00b914395a9, type: 3}
      propertyPath: m_Name
      value: StreetLight
      objectReference: {fileID: 0}
    - target: {fileID: 400002, guid: fbc484f5295e29046915e00b914395a9, type: 3}
      propertyPath: m_LocalPosition.x
      value: 4.9000015
      objectReference: {fileID: 0}
    - target: {fileID: 400002, guid: fbc484f5295e29046915e00b914395a9, type: 3}
      propertyPath: m_LocalPosition.y
      value: 2.560997
      objectReference: {fileID: 0}
    - target: {fileID: 400002, guid: fbc484f5295e29046915e00b914395a9, type: 3}
      propertyPath: m_LocalPosition.z
      value: -8.287003
      objectReference: {fileID: 0}
    - target: {fileID: 400002, guid: fbc484f5295e29046915e00b914395a9, type: 3}
      propertyPath: m_LocalRotation.x
      value: -0
      objectReference: {fileID: 0}
    - target: {fileID: 400002, guid: fbc484f5295e29046915e00b914395a9, type: 3}
      propertyPath: m_LocalRotation.y
      value: -0
      objectReference: {fileID: 0}
    - target: {fileID: 400002, guid: fbc484f5295e29046915e00b914395a9, type: 3}
      propertyPath: m_LocalRotation.z
      value: -0
      objectReference: {fileID: 0}
    - target: {fileID: 400002, guid: fbc484f5295e29046915e00b914395a9, type: 3}
      propertyPath: m_LocalRotation.w
      value: 1
      objectReference: {fileID: 0}
    - target: {fileID: 400002, guid: fbc484f5295e29046915e00b914395a9, type: 3}
      propertyPath: m_RootOrder
      value: 1
      objectReference: {fileID: 0}
    - target: {fileID: 400002, guid: fbc484f5295e29046915e00b914395a9, type: 3}
      propertyPath: m_LocalEulerAnglesHint.x
      value: 0
      objectReference: {fileID: 0}
    - target: {fileID: 400002, guid: fbc484f5295e29046915e00b914395a9, type: 3}
      propertyPath: m_LocalEulerAnglesHint.y
      value: 0
      objectReference: {fileID: 0}
    - target: {fileID: 400002, guid: fbc484f5295e29046915e00b914395a9, type: 3}
      propertyPath: m_LocalEulerAnglesHint.z
      value: 0
      objectReference: {fileID: 0}
    m_RemovedComponents: []
  m_SourcePrefab: {fileID: 100100000, guid: fbc484f5295e29046915e00b914395a9, type: 3}
--- !u!4 &6110066469835541950 stripped
Transform:
  m_CorrespondingSourceObject: {fileID: 400002, guid: fbc484f5295e29046915e00b914395a9,
    type: 3}
  m_PrefabInstance: {fileID: 6110066469835675452}
  m_PrefabAsset: {fileID: 0}
--- !u!1001 &6194771127964653745
PrefabInstance:
  m_ObjectHideFlags: 0
  serializedVersion: 2
  m_Modification:
    m_TransformParent: {fileID: 9127843908150122248}
    m_Modifications:
    - target: {fileID: 100000, guid: 894fe445bb368824b97a72bae8e4de44, type: 3}
      propertyPath: m_Name
      value: OutDoorBin
      objectReference: {fileID: 0}
    - target: {fileID: 400000, guid: 894fe445bb368824b97a72bae8e4de44, type: 3}
      propertyPath: m_LocalPosition.x
      value: -0.335
      objectReference: {fileID: 0}
    - target: {fileID: 400000, guid: 894fe445bb368824b97a72bae8e4de44, type: 3}
      propertyPath: m_LocalPosition.y
      value: 0.33414
      objectReference: {fileID: 0}
    - target: {fileID: 400000, guid: 894fe445bb368824b97a72bae8e4de44, type: 3}
      propertyPath: m_LocalPosition.z
      value: -3.0934
      objectReference: {fileID: 0}
    - target: {fileID: 400000, guid: 894fe445bb368824b97a72bae8e4de44, type: 3}
      propertyPath: m_LocalRotation.x
      value: -0
      objectReference: {fileID: 0}
    - target: {fileID: 400000, guid: 894fe445bb368824b97a72bae8e4de44, type: 3}
      propertyPath: m_LocalRotation.y
      value: -0
      objectReference: {fileID: 0}
    - target: {fileID: 400000, guid: 894fe445bb368824b97a72bae8e4de44, type: 3}
      propertyPath: m_LocalRotation.z
      value: -0
      objectReference: {fileID: 0}
    - target: {fileID: 400000, guid: 894fe445bb368824b97a72bae8e4de44, type: 3}
      propertyPath: m_LocalRotation.w
      value: 1
      objectReference: {fileID: 0}
    - target: {fileID: 400000, guid: 894fe445bb368824b97a72bae8e4de44, type: 3}
      propertyPath: m_RootOrder
      value: 0
      objectReference: {fileID: 0}
    - target: {fileID: 400000, guid: 894fe445bb368824b97a72bae8e4de44, type: 3}
      propertyPath: m_LocalEulerAnglesHint.x
      value: 0
      objectReference: {fileID: 0}
    - target: {fileID: 400000, guid: 894fe445bb368824b97a72bae8e4de44, type: 3}
      propertyPath: m_LocalEulerAnglesHint.y
      value: 0
      objectReference: {fileID: 0}
    - target: {fileID: 400000, guid: 894fe445bb368824b97a72bae8e4de44, type: 3}
      propertyPath: m_LocalEulerAnglesHint.z
      value: 0
      objectReference: {fileID: 0}
    - target: {fileID: 400000, guid: 894fe445bb368824b97a72bae8e4de44, type: 3}
      propertyPath: m_LocalScale.x
      value: 0.8
      objectReference: {fileID: 0}
    - target: {fileID: 400000, guid: 894fe445bb368824b97a72bae8e4de44, type: 3}
      propertyPath: m_LocalScale.y
      value: 0.8
      objectReference: {fileID: 0}
    - target: {fileID: 400000, guid: 894fe445bb368824b97a72bae8e4de44, type: 3}
      propertyPath: m_LocalScale.z
      value: 0.8
      objectReference: {fileID: 0}
    m_RemovedComponents: []
  m_SourcePrefab: {fileID: 100100000, guid: 894fe445bb368824b97a72bae8e4de44, type: 3}
--- !u!4 &6194771127964516913 stripped
Transform:
  m_CorrespondingSourceObject: {fileID: 400000, guid: 894fe445bb368824b97a72bae8e4de44,
    type: 3}
  m_PrefabInstance: {fileID: 6194771127964653745}
  m_PrefabAsset: {fileID: 0}
--- !u!1001 &7793289539210059074
PrefabInstance:
  m_ObjectHideFlags: 0
  serializedVersion: 2
  m_Modification:
    m_TransformParent: {fileID: 5062221023201910134}
    m_Modifications:
    - target: {fileID: 100002, guid: fbc484f5295e29046915e00b914395a9, type: 3}
      propertyPath: m_Name
      value: StreetLight
      objectReference: {fileID: 0}
    - target: {fileID: 400002, guid: fbc484f5295e29046915e00b914395a9, type: 3}
      propertyPath: m_LocalPosition.x
      value: 4.9000015
      objectReference: {fileID: 0}
    - target: {fileID: 400002, guid: fbc484f5295e29046915e00b914395a9, type: 3}
      propertyPath: m_LocalPosition.y
      value: 2.560997
      objectReference: {fileID: 0}
    - target: {fileID: 400002, guid: fbc484f5295e29046915e00b914395a9, type: 3}
      propertyPath: m_LocalPosition.z
      value: -8.287003
      objectReference: {fileID: 0}
    - target: {fileID: 400002, guid: fbc484f5295e29046915e00b914395a9, type: 3}
      propertyPath: m_LocalRotation.x
      value: -0
      objectReference: {fileID: 0}
    - target: {fileID: 400002, guid: fbc484f5295e29046915e00b914395a9, type: 3}
      propertyPath: m_LocalRotation.y
      value: -0
      objectReference: {fileID: 0}
    - target: {fileID: 400002, guid: fbc484f5295e29046915e00b914395a9, type: 3}
      propertyPath: m_LocalRotation.z
      value: -0
      objectReference: {fileID: 0}
    - target: {fileID: 400002, guid: fbc484f5295e29046915e00b914395a9, type: 3}
      propertyPath: m_LocalRotation.w
      value: 1
      objectReference: {fileID: 0}
    - target: {fileID: 400002, guid: fbc484f5295e29046915e00b914395a9, type: 3}
      propertyPath: m_RootOrder
      value: 0
      objectReference: {fileID: 0}
    - target: {fileID: 400002, guid: fbc484f5295e29046915e00b914395a9, type: 3}
      propertyPath: m_LocalEulerAnglesHint.x
      value: 0
      objectReference: {fileID: 0}
    - target: {fileID: 400002, guid: fbc484f5295e29046915e00b914395a9, type: 3}
      propertyPath: m_LocalEulerAnglesHint.y
      value: 0
      objectReference: {fileID: 0}
    - target: {fileID: 400002, guid: fbc484f5295e29046915e00b914395a9, type: 3}
      propertyPath: m_LocalEulerAnglesHint.z
      value: 0
      objectReference: {fileID: 0}
    m_RemovedComponents: []
  m_SourcePrefab: {fileID: 100100000, guid: fbc484f5295e29046915e00b914395a9, type: 3}
--- !u!4 &7793289539210184640 stripped
Transform:
  m_CorrespondingSourceObject: {fileID: 400002, guid: fbc484f5295e29046915e00b914395a9,
    type: 3}
  m_PrefabInstance: {fileID: 7793289539210059074}
  m_PrefabAsset: {fileID: 0}
