%YAML 1.1
%TAG !u! tag:unity3d.com,2011:
--- !u!65 &4160081391843070459
BoxCollider:
  m_ObjectHideFlags: 0
  m_CorrespondingSourceObject: {fileID: 0}
  m_PrefabInstance: {fileID: 0}
  m_PrefabAsset: {fileID: 0}
  m_GameObject: {fileID: 1849585348354794614}
  m_Material: {fileID: 0}
  m_IsTrigger: 0
  m_Enabled: 1
  serializedVersion: 2
  m_Size: {x: 10, y: 0, z: 10}
  m_Center: {x: 0, y: -0.000000016263854, z: -0.0000019073486}
--- !u!1 &2333565539717965784
GameObject:
  m_ObjectHideFlags: 0
  m_CorrespondingSourceObject: {fileID: 0}
  m_PrefabInstance: {fileID: 0}
  m_PrefabAsset: {fileID: 0}
  serializedVersion: 6
  m_Component:
  - component: {fileID: 2333565539718069240}
  m_Layer: 0
  m_Name: MainRoom
  m_TagString: Untagged
  m_Icon: {fileID: 0}
  m_NavMeshLayer: 0
  m_StaticEditorFlags: 0
  m_IsActive: 1
--- !u!4 &2333565539718069240
Transform:
  m_ObjectHideFlags: 0
  m_CorrespondingSourceObject: {fileID: 0}
  m_PrefabInstance: {fileID: 0}
  m_PrefabAsset: {fileID: 0}
  m_GameObject: {fileID: 2333565539717965784}
  m_LocalRotation: {x: 0, y: -0, z: -0, w: 1}
  m_LocalPosition: {x: 71.38, y: 74.87, z: 78.66}
  m_LocalScale: {x: 1, y: 1, z: 1}
  m_Children:
  - {fileID: 2333565539718069242}
  - {fileID: 1849585348354766932}
  - {fileID: 7535362504151741089}
  - {fileID: 4634054065458992275}
  - {fileID: 3939219955001607161}
  - {fileID: 1690725133664455824}
  m_Father: {fileID: 0}
  m_RootOrder: 0
  m_LocalEulerAnglesHint: {x: 0, y: 0, z: 0}
--- !u!1 &2333565539717965786
GameObject:
  m_ObjectHideFlags: 0
  m_CorrespondingSourceObject: {fileID: 0}
  m_PrefabInstance: {fileID: 0}
  m_PrefabAsset: {fileID: 0}
  serializedVersion: 6
  m_Component:
  - component: {fileID: 2333565539718069242}
  - component: {fileID: 2333565539714644952}
  - component: {fileID: 2333565539715774744}
  - component: {fileID: 6602474263567879067}
  - component: {fileID: 35103183405554004}
  - component: {fileID: 8578621963562734134}
  m_Layer: 0
  m_Name: Wall_Back3
  m_TagString: Untagged
  m_Icon: {fileID: 0}
  m_NavMeshLayer: 0
  m_StaticEditorFlags: 0
  m_IsActive: 1
--- !u!4 &2333565539718069242
Transform:
  m_ObjectHideFlags: 0
  m_CorrespondingSourceObject: {fileID: 0}
  m_PrefabInstance: {fileID: 0}
  m_PrefabAsset: {fileID: 0}
  m_GameObject: {fileID: 2333565539717965786}
  m_LocalRotation: {x: 0, y: -0, z: -0, w: 1}
  m_LocalPosition: {x: -4.95, y: -2.4706907, z: 5}
  m_LocalScale: {x: 1, y: 1, z: 1}
  m_Children: []
  m_Father: {fileID: 2333565539718069240}
  m_RootOrder: 0
  m_LocalEulerAnglesHint: {x: 0, y: 0, z: 0}
--- !u!33 &2333565539714644952
MeshFilter:
  m_ObjectHideFlags: 0
  m_CorrespondingSourceObject: {fileID: 0}
  m_PrefabInstance: {fileID: 0}
  m_PrefabAsset: {fileID: 0}
  m_GameObject: {fileID: 2333565539717965786}
  m_Mesh: {fileID: 4300000, guid: 1e1eef3d47b93364390351e6adaa184f, type: 3}
--- !u!23 &2333565539715774744
MeshRenderer:
  m_ObjectHideFlags: 0
  m_CorrespondingSourceObject: {fileID: 0}
  m_PrefabInstance: {fileID: 0}
  m_PrefabAsset: {fileID: 0}
  m_GameObject: {fileID: 2333565539717965786}
  m_Enabled: 1
  m_CastShadows: 1
  m_ReceiveShadows: 1
  m_DynamicOccludee: 1
  m_MotionVectors: 1
  m_LightProbeUsage: 1
  m_ReflectionProbeUsage: 1
  m_RenderingLayerMask: 1
  m_RendererPriority: 0
  m_Materials:
  - {fileID: 2100000, guid: 1e1eef3d47b93364390351e6adaa184f, type: 3}
  m_StaticBatchInfo:
    firstSubMesh: 0
    subMeshCount: 0
  m_StaticBatchRoot: {fileID: 0}
  m_ProbeAnchor: {fileID: 0}
  m_LightProbeVolumeOverride: {fileID: 0}
  m_ScaleInLightmap: 1
  m_ReceiveGI: 1
  m_PreserveUVs: 0
  m_IgnoreNormalsForChartDetection: 0
  m_ImportantGI: 0
  m_StitchLightmapSeams: 0
  m_SelectedEditorRenderState: 3
  m_MinimumChartSize: 4
  m_AutoUVMaxDistance: 0.5
  m_AutoUVMaxAngle: 89
  m_LightmapParameters: {fileID: 0}
  m_SortingLayerID: 0
  m_SortingLayer: 0
  m_SortingOrder: 0
--- !u!65 &6602474263567879067
BoxCollider:
  m_ObjectHideFlags: 0
  m_CorrespondingSourceObject: {fileID: 0}
  m_PrefabInstance: {fileID: 0}
  m_PrefabAsset: {fileID: 0}
  m_GameObject: {fileID: 2333565539717965786}
  m_Material: {fileID: 0}
  m_IsTrigger: 0
  m_Enabled: 1
  serializedVersion: 2
  m_Size: {x: 0.30723998, y: 5.0000005, z: 2.9614258}
  m_Center: {x: -0.053619996, y: 2.5000002, z: -8.519287}
--- !u!65 &35103183405554004
BoxCollider:
  m_ObjectHideFlags: 0
  m_CorrespondingSourceObject: {fileID: 0}
  m_PrefabInstance: {fileID: 0}
  m_PrefabAsset: {fileID: 0}
  m_GameObject: {fileID: 2333565539717965786}
  m_Material: {fileID: 0}
  m_IsTrigger: 0
  m_Enabled: 1
  serializedVersion: 2
  m_Size: {x: 0.30723998, y: 5.0000005, z: 2.9902878}
  m_Center: {x: -0.053619996, y: 2.5000002, z: -1.4951439}
--- !u!65 &8578621963562734134
BoxCollider:
  m_ObjectHideFlags: 0
  m_CorrespondingSourceObject: {fileID: 0}
  m_PrefabInstance: {fileID: 0}
  m_PrefabAsset: {fileID: 0}
  m_GameObject: {fileID: 2333565539717965786}
  m_Material: {fileID: 0}
  m_IsTrigger: 0
  m_Enabled: 1
  serializedVersion: 2
  m_Size: {x: 0.30723998, y: 2.024437, z: 10}
  m_Center: {x: -0.053619996, y: 3.9877815, z: -5}
--- !u!65 &7509244314514440142
BoxCollider:
  m_ObjectHideFlags: 0
  m_CorrespondingSourceObject: {fileID: 0}
  m_PrefabInstance: {fileID: 0}
  m_PrefabAsset: {fileID: 0}
  m_GameObject: {fileID: 3939219955002105819}
  m_Material: {fileID: 0}
  m_IsTrigger: 0
  m_Enabled: 1
  serializedVersion: 2
  m_Size: {x: 9.999999, y: 5, z: 0.1}
  m_Center: {x: -4.9999995, y: 2.5, z: -0.04999711}
--- !u!65 &5281566492120658681
BoxCollider:
  m_ObjectHideFlags: 0
  m_CorrespondingSourceObject: {fileID: 0}
  m_PrefabInstance: {fileID: 0}
  m_PrefabAsset: {fileID: 0}
  m_GameObject: {fileID: 4634054065459087537}
  m_Material: {fileID: 0}
  m_IsTrigger: 0
  m_Enabled: 1
  serializedVersion: 2
  m_Size: {x: 10.000001, y: 5, z: 0.100000024}
  m_Center: {x: -5.0000005, y: 2.5, z: -0.04999712}
--- !u!65 &49207132873180486
BoxCollider:
  m_ObjectHideFlags: 0
  m_CorrespondingSourceObject: {fileID: 0}
  m_PrefabInstance: {fileID: 0}
  m_PrefabAsset: {fileID: 0}
  m_GameObject: {fileID: 7535362504151838339}
  m_Material: {fileID: 0}
  m_IsTrigger: 0
  m_Enabled: 1
  serializedVersion: 2
  m_Size: {x: 9.999999, y: 5, z: 0.1}
  m_Center: {x: -4.9999995, y: 2.5, z: -0.04999711}
--- !u!1001 &1171100954180799247
PrefabInstance:
  m_ObjectHideFlags: 0
  serializedVersion: 2
  m_Modification:
    m_TransformParent: {fileID: 2333565539718069240}
    m_Modifications:
    - target: {fileID: 1887540942656129678, guid: d604090839b079d4e85f409c18a9e83d,
        type: 3}
      propertyPath: m_Name
      value: EntranceDoors Automatic
      objectReference: {fileID: 0}
    - target: {fileID: 519672703019665311, guid: d604090839b079d4e85f409c18a9e83d,
        type: 3}
      propertyPath: m_LocalPosition.x
      value: -4.94
      objectReference: {fileID: 0}
    - target: {fileID: 519672703019665311, guid: d604090839b079d4e85f409c18a9e83d,
        type: 3}
      propertyPath: m_LocalPosition.y
      value: -2.56
      objectReference: {fileID: 0}
    - target: {fileID: 519672703019665311, guid: d604090839b079d4e85f409c18a9e83d,
        type: 3}
      propertyPath: m_LocalPosition.z
      value: 0
      objectReference: {fileID: 0}
    - target: {fileID: 519672703019665311, guid: d604090839b079d4e85f409c18a9e83d,
        type: 3}
      propertyPath: m_LocalRotation.x
      value: -0
      objectReference: {fileID: 0}
    - target: {fileID: 519672703019665311, guid: d604090839b079d4e85f409c18a9e83d,
        type: 3}
      propertyPath: m_LocalRotation.y
      value: 0
      objectReference: {fileID: 0}
    - target: {fileID: 519672703019665311, guid: d604090839b079d4e85f409c18a9e83d,
        type: 3}
      propertyPath: m_LocalRotation.z
      value: -0
      objectReference: {fileID: 0}
    - target: {fileID: 519672703019665311, guid: d604090839b079d4e85f409c18a9e83d,
        type: 3}
      propertyPath: m_LocalRotation.w
      value: 1
      objectReference: {fileID: 0}
    - target: {fileID: 519672703019665311, guid: d604090839b079d4e85f409c18a9e83d,
        type: 3}
      propertyPath: m_RootOrder
      value: 5
      objectReference: {fileID: 0}
    - target: {fileID: 519672703019665311, guid: d604090839b079d4e85f409c18a9e83d,
        type: 3}
      propertyPath: m_LocalEulerAnglesHint.x
      value: 0
      objectReference: {fileID: 0}
    - target: {fileID: 519672703019665311, guid: d604090839b079d4e85f409c18a9e83d,
        type: 3}
      propertyPath: m_LocalEulerAnglesHint.y
      value: 0
      objectReference: {fileID: 0}
    - target: {fileID: 519672703019665311, guid: d604090839b079d4e85f409c18a9e83d,
        type: 3}
      propertyPath: m_LocalEulerAnglesHint.z
      value: 0
      objectReference: {fileID: 0}
    m_RemovedComponents: []
  m_SourcePrefab: {fileID: 100100000, guid: d604090839b079d4e85f409c18a9e83d, type: 3}
--- !u!4 &1690725133664455824 stripped
Transform:
  m_CorrespondingSourceObject: {fileID: 519672703019665311, guid: d604090839b079d4e85f409c18a9e83d,
    type: 3}
  m_PrefabInstance: {fileID: 1171100954180799247}
  m_PrefabAsset: {fileID: 0}
--- !u!1001 &1849585348354892502
PrefabInstance:
  m_ObjectHideFlags: 0
  serializedVersion: 2
  m_Modification:
    m_TransformParent: {fileID: 2333565539718069240}
    m_Modifications:
    - target: {fileID: 100002, guid: a041cfe340bc3604f98fcc0ec67342fe, type: 3}
      propertyPath: m_Name
      value: Floor (1)
      objectReference: {fileID: 0}
    - target: {fileID: 400002, guid: a041cfe340bc3604f98fcc0ec67342fe, type: 3}
      propertyPath: m_LocalPosition.x
      value: -0.0799942
      objectReference: {fileID: 0}
    - target: {fileID: 400002, guid: a041cfe340bc3604f98fcc0ec67342fe, type: 3}
      propertyPath: m_LocalPosition.y
      value: 0.02999878
      objectReference: {fileID: 0}
    - target: {fileID: 400002, guid: a041cfe340bc3604f98fcc0ec67342fe, type: 3}
      propertyPath: m_LocalPosition.z
      value: -0.0128479
      objectReference: {fileID: 0}
    - target: {fileID: 400002, guid: a041cfe340bc3604f98fcc0ec67342fe, type: 3}
      propertyPath: m_LocalRotation.x
      value: -0
      objectReference: {fileID: 0}
    - target: {fileID: 400002, guid: a041cfe340bc3604f98fcc0ec67342fe, type: 3}
      propertyPath: m_LocalRotation.y
      value: -0
      objectReference: {fileID: 0}
    - target: {fileID: 400002, guid: a041cfe340bc3604f98fcc0ec67342fe, type: 3}
      propertyPath: m_LocalRotation.z
      value: -0
      objectReference: {fileID: 0}
    - target: {fileID: 400002, guid: a041cfe340bc3604f98fcc0ec67342fe, type: 3}
      propertyPath: m_LocalRotation.w
      value: 1
      objectReference: {fileID: 0}
    - target: {fileID: 400002, guid: a041cfe340bc3604f98fcc0ec67342fe, type: 3}
      propertyPath: m_RootOrder
      value: 1
      objectReference: {fileID: 0}
    - target: {fileID: 400002, guid: a041cfe340bc3604f98fcc0ec67342fe, type: 3}
      propertyPath: m_LocalEulerAnglesHint.x
      value: 0
      objectReference: {fileID: 0}
    - target: {fileID: 400002, guid: a041cfe340bc3604f98fcc0ec67342fe, type: 3}
      propertyPath: m_LocalEulerAnglesHint.y
      value: 0
      objectReference: {fileID: 0}
    - target: {fileID: 400002, guid: a041cfe340bc3604f98fcc0ec67342fe, type: 3}
      propertyPath: m_LocalEulerAnglesHint.z
      value: 0
      objectReference: {fileID: 0}
    m_RemovedComponents: []
  m_SourcePrefab: {fileID: 100100000, guid: a041cfe340bc3604f98fcc0ec67342fe, type: 3}
--- !u!4 &1849585348354766932 stripped
Transform:
  m_CorrespondingSourceObject: {fileID: 400002, guid: a041cfe340bc3604f98fcc0ec67342fe,
    type: 3}
  m_PrefabInstance: {fileID: 1849585348354892502}
  m_PrefabAsset: {fileID: 0}
--- !u!1 &1849585348354794614 stripped
GameObject:
  m_CorrespondingSourceObject: {fileID: 100000, guid: a041cfe340bc3604f98fcc0ec67342fe,
    type: 3}
  m_PrefabInstance: {fileID: 1849585348354892502}
  m_PrefabAsset: {fileID: 0}
--- !u!1001 &3939219955002005881
PrefabInstance:
  m_ObjectHideFlags: 0
  serializedVersion: 2
  m_Modification:
    m_TransformParent: {fileID: 2333565539718069240}
    m_Modifications:
    - target: {fileID: 100000, guid: ef6a55d1b9a2b0a4e90da7159fe5dc77, type: 3}
      propertyPath: m_Name
      value: Wall (6)
      objectReference: {fileID: 0}
    - target: {fileID: 400000, guid: ef6a55d1b9a2b0a4e90da7159fe5dc77, type: 3}
      propertyPath: m_LocalPosition.x
      value: 0.1000061
      objectReference: {fileID: 0}
    - target: {fileID: 400000, guid: ef6a55d1b9a2b0a4e90da7159fe5dc77, type: 3}
      propertyPath: m_LocalPosition.y
      value: 0
      objectReference: {fileID: 0}
    - target: {fileID: 400000, guid: ef6a55d1b9a2b0a4e90da7159fe5dc77, type: 3}
      propertyPath: m_LocalPosition.z
      value: 10
      objectReference: {fileID: 0}
    - target: {fileID: 400000, guid: ef6a55d1b9a2b0a4e90da7159fe5dc77, type: 3}
      propertyPath: m_LocalRotation.x
      value: -0
      objectReference: {fileID: 0}
    - target: {fileID: 400000, guid: ef6a55d1b9a2b0a4e90da7159fe5dc77, type: 3}
      propertyPath: m_LocalRotation.y
      value: -0
      objectReference: {fileID: 0}
    - target: {fileID: 400000, guid: ef6a55d1b9a2b0a4e90da7159fe5dc77, type: 3}
      propertyPath: m_LocalRotation.z
      value: -0
      objectReference: {fileID: 0}
    - target: {fileID: 400000, guid: ef6a55d1b9a2b0a4e90da7159fe5dc77, type: 3}
      propertyPath: m_LocalRotation.w
      value: 1
      objectReference: {fileID: 0}
    - target: {fileID: 400000, guid: ef6a55d1b9a2b0a4e90da7159fe5dc77, type: 3}
      propertyPath: m_RootOrder
      value: 4
      objectReference: {fileID: 0}
    - target: {fileID: 400000, guid: ef6a55d1b9a2b0a4e90da7159fe5dc77, type: 3}
      propertyPath: m_LocalEulerAnglesHint.x
      value: 0
      objectReference: {fileID: 0}
    - target: {fileID: 400000, guid: ef6a55d1b9a2b0a4e90da7159fe5dc77, type: 3}
      propertyPath: m_LocalEulerAnglesHint.y
      value: 0
      objectReference: {fileID: 0}
    - target: {fileID: 400000, guid: ef6a55d1b9a2b0a4e90da7159fe5dc77, type: 3}
      propertyPath: m_LocalEulerAnglesHint.z
      value: 0
      objectReference: {fileID: 0}
    m_RemovedComponents: []
  m_SourcePrefab: {fileID: 100100000, guid: ef6a55d1b9a2b0a4e90da7159fe5dc77, type: 3}
--- !u!4 &3939219955001607161 stripped
Transform:
  m_CorrespondingSourceObject: {fileID: 400000, guid: ef6a55d1b9a2b0a4e90da7159fe5dc77,
    type: 3}
  m_PrefabInstance: {fileID: 3939219955002005881}
  m_PrefabAsset: {fileID: 0}
--- !u!1 &3939219955002105819 stripped
GameObject:
  m_CorrespondingSourceObject: {fileID: 100002, guid: ef6a55d1b9a2b0a4e90da7159fe5dc77,
    type: 3}
  m_PrefabInstance: {fileID: 3939219955002005881}
  m_PrefabAsset: {fileID: 0}
--- !u!1001 &4634054065459121683
PrefabInstance:
  m_ObjectHideFlags: 0
  serializedVersion: 2
  m_Modification:
    m_TransformParent: {fileID: 2333565539718069240}
    m_Modifications:
    - target: {fileID: 100000, guid: ef6a55d1b9a2b0a4e90da7159fe5dc77, type: 3}
      propertyPath: m_Name
      value: Wall (5)
      objectReference: {fileID: 0}
    - target: {fileID: 400000, guid: ef6a55d1b9a2b0a4e90da7159fe5dc77, type: 3}
      propertyPath: m_LocalPosition.x
      value: 10.150002
      objectReference: {fileID: 0}
    - target: {fileID: 400000, guid: ef6a55d1b9a2b0a4e90da7159fe5dc77, type: 3}
      propertyPath: m_LocalPosition.y
      value: 0
      objectReference: {fileID: 0}
    - target: {fileID: 400000, guid: ef6a55d1b9a2b0a4e90da7159fe5dc77, type: 3}
      propertyPath: m_LocalPosition.z
      value: -0.060005188
      objectReference: {fileID: 0}
    - target: {fileID: 400000, guid: ef6a55d1b9a2b0a4e90da7159fe5dc77, type: 3}
      propertyPath: m_LocalRotation.x
      value: -0
      objectReference: {fileID: 0}
    - target: {fileID: 400000, guid: ef6a55d1b9a2b0a4e90da7159fe5dc77, type: 3}
      propertyPath: m_LocalRotation.y
      value: 0.7071068
      objectReference: {fileID: 0}
    - target: {fileID: 400000, guid: ef6a55d1b9a2b0a4e90da7159fe5dc77, type: 3}
      propertyPath: m_LocalRotation.z
      value: -0
      objectReference: {fileID: 0}
    - target: {fileID: 400000, guid: ef6a55d1b9a2b0a4e90da7159fe5dc77, type: 3}
      propertyPath: m_LocalRotation.w
      value: 0.7071068
      objectReference: {fileID: 0}
    - target: {fileID: 400000, guid: ef6a55d1b9a2b0a4e90da7159fe5dc77, type: 3}
      propertyPath: m_RootOrder
      value: 3
      objectReference: {fileID: 0}
    - target: {fileID: 400000, guid: ef6a55d1b9a2b0a4e90da7159fe5dc77, type: 3}
      propertyPath: m_LocalEulerAnglesHint.x
      value: 0
      objectReference: {fileID: 0}
    - target: {fileID: 400000, guid: ef6a55d1b9a2b0a4e90da7159fe5dc77, type: 3}
      propertyPath: m_LocalEulerAnglesHint.y
      value: 90
      objectReference: {fileID: 0}
    - target: {fileID: 400000, guid: ef6a55d1b9a2b0a4e90da7159fe5dc77, type: 3}
      propertyPath: m_LocalEulerAnglesHint.z
      value: 0
      objectReference: {fileID: 0}
    - target: {fileID: 400000, guid: ef6a55d1b9a2b0a4e90da7159fe5dc77, type: 3}
      propertyPath: m_LocalScale.x
      value: 1
      objectReference: {fileID: 0}
    - target: {fileID: 400000, guid: ef6a55d1b9a2b0a4e90da7159fe5dc77, type: 3}
      propertyPath: m_LocalScale.z
      value: 1
      objectReference: {fileID: 0}
    m_RemovedComponents: []
  m_SourcePrefab: {fileID: 100100000, guid: ef6a55d1b9a2b0a4e90da7159fe5dc77, type: 3}
--- !u!4 &4634054065458992275 stripped
Transform:
  m_CorrespondingSourceObject: {fileID: 400000, guid: ef6a55d1b9a2b0a4e90da7159fe5dc77,
    type: 3}
  m_PrefabInstance: {fileID: 4634054065459121683}
  m_PrefabAsset: {fileID: 0}
--- !u!1 &4634054065459087537 stripped
GameObject:
  m_CorrespondingSourceObject: {fileID: 100002, guid: ef6a55d1b9a2b0a4e90da7159fe5dc77,
    type: 3}
  m_PrefabInstance: {fileID: 4634054065459121683}
  m_PrefabAsset: {fileID: 0}
--- !u!1001 &7535362504151869473
PrefabInstance:
  m_ObjectHideFlags: 0
  serializedVersion: 2
  m_Modification:
    m_TransformParent: {fileID: 2333565539718069240}
    m_Modifications:
    - target: {fileID: 100000, guid: ef6a55d1b9a2b0a4e90da7159fe5dc77, type: 3}
      propertyPath: m_Name
      value: Wall (4)
      objectReference: {fileID: 0}
    - target: {fileID: 400000, guid: ef6a55d1b9a2b0a4e90da7159fe5dc77, type: 3}
      propertyPath: m_LocalPosition.x
      value: 0.1000061
      objectReference: {fileID: 0}
    - target: {fileID: 400000, guid: ef6a55d1b9a2b0a4e90da7159fe5dc77, type: 3}
      propertyPath: m_LocalPosition.y
      value: 0
      objectReference: {fileID: 0}
    - target: {fileID: 400000, guid: ef6a55d1b9a2b0a4e90da7159fe5dc77, type: 3}
      propertyPath: m_LocalPosition.z
      value: 0.0799942
      objectReference: {fileID: 0}
    - target: {fileID: 400000, guid: ef6a55d1b9a2b0a4e90da7159fe5dc77, type: 3}
      propertyPath: m_LocalRotation.x
      value: -0
      objectReference: {fileID: 0}
    - target: {fileID: 400000, guid: ef6a55d1b9a2b0a4e90da7159fe5dc77, type: 3}
      propertyPath: m_LocalRotation.y
      value: -0
      objectReference: {fileID: 0}
    - target: {fileID: 400000, guid: ef6a55d1b9a2b0a4e90da7159fe5dc77, type: 3}
      propertyPath: m_LocalRotation.z
      value: -0
      objectReference: {fileID: 0}
    - target: {fileID: 400000, guid: ef6a55d1b9a2b0a4e90da7159fe5dc77, type: 3}
      propertyPath: m_LocalRotation.w
      value: 1
      objectReference: {fileID: 0}
    - target: {fileID: 400000, guid: ef6a55d1b9a2b0a4e90da7159fe5dc77, type: 3}
      propertyPath: m_RootOrder
      value: 2
      objectReference: {fileID: 0}
    - target: {fileID: 400000, guid: ef6a55d1b9a2b0a4e90da7159fe5dc77, type: 3}
      propertyPath: m_LocalEulerAnglesHint.x
      value: 0
      objectReference: {fileID: 0}
    - target: {fileID: 400000, guid: ef6a55d1b9a2b0a4e90da7159fe5dc77, type: 3}
      propertyPath: m_LocalEulerAnglesHint.y
      value: 0
      objectReference: {fileID: 0}
    - target: {fileID: 400000, guid: ef6a55d1b9a2b0a4e90da7159fe5dc77, type: 3}
      propertyPath: m_LocalEulerAnglesHint.z
      value: 0
      objectReference: {fileID: 0}
    m_RemovedComponents: []
  m_SourcePrefab: {fileID: 100100000, guid: ef6a55d1b9a2b0a4e90da7159fe5dc77, type: 3}
--- !u!4 &7535362504151741089 stripped
Transform:
  m_CorrespondingSourceObject: {fileID: 400000, guid: ef6a55d1b9a2b0a4e90da7159fe5dc77,
    type: 3}
  m_PrefabInstance: {fileID: 7535362504151869473}
  m_PrefabAsset: {fileID: 0}
--- !u!1 &7535362504151838339 stripped
GameObject:
  m_CorrespondingSourceObject: {fileID: 100002, guid: ef6a55d1b9a2b0a4e90da7159fe5dc77,
    type: 3}
  m_PrefabInstance: {fileID: 7535362504151869473}
  m_PrefabAsset: {fileID: 0}
