%YAML 1.1
%TAG !u! tag:unity3d.com,2011:
--- !u!1 &121245108
GameObject:
  m_ObjectHideFlags: 0
  m_CorrespondingSourceObject: {fileID: 0}
  m_PrefabInstance: {fileID: 0}
  m_PrefabAsset: {fileID: 0}
  serializedVersion: 6
  m_Component:
  - component: {fileID: 121245109}
  - component: {fileID: 121245112}
  - component: {fileID: 121245111}
  m_Layer: 11
  m_Name: RoofLightBlocker
  m_TagString: Untagged
  m_Icon: {fileID: 0}
  m_NavMeshLayer: 0
  m_StaticEditorFlags: 0
  m_IsActive: 1
--- !u!4 &121245109
Transform:
  m_ObjectHideFlags: 0
  m_CorrespondingSourceObject: {fileID: 0}
  m_PrefabInstance: {fileID: 0}
  m_PrefabAsset: {fileID: 0}
  m_GameObject: {fileID: 121245108}
  m_LocalRotation: {x: 0, y: 0, z: 0, w: 1}
  m_LocalPosition: {x: 5.35, y: 3.37, z: -2.08}
  m_LocalScale: {x: 20.768002, y: 1, z: 31}
  m_Children: []
  m_Father: {fileID: 755567445362653622}
  m_RootOrder: 3
  m_LocalEulerAnglesHint: {x: 0, y: 0, z: 0}
--- !u!33 &121245112
MeshFilter:
  m_ObjectHideFlags: 0
  m_CorrespondingSourceObject: {fileID: 0}
  m_PrefabInstance: {fileID: 0}
  m_PrefabAsset: {fileID: 0}
  m_GameObject: {fileID: 121245108}
  m_Mesh: {fileID: 10202, guid: 0000000000000000e000000000000000, type: 0}
--- !u!23 &121245111
MeshRenderer:
  m_ObjectHideFlags: 0
  m_CorrespondingSourceObject: {fileID: 0}
  m_PrefabInstance: {fileID: 0}
  m_PrefabAsset: {fileID: 0}
  m_GameObject: {fileID: 121245108}
  m_Enabled: 0
  m_CastShadows: 2
  m_ReceiveShadows: 1
  m_DynamicOccludee: 1
  m_MotionVectors: 1
  m_LightProbeUsage: 1
  m_ReflectionProbeUsage: 1
  m_RenderingLayerMask: 1
  m_RendererPriority: 0
  m_Materials:
  - {fileID: 10303, guid: 0000000000000000f000000000000000, type: 0}
  m_StaticBatchInfo:
    firstSubMesh: 0
    subMeshCount: 0
  m_StaticBatchRoot: {fileID: 0}
  m_ProbeAnchor: {fileID: 0}
  m_LightProbeVolumeOverride: {fileID: 0}
  m_ScaleInLightmap: 1
  m_ReceiveGI: 1
  m_PreserveUVs: 0
  m_IgnoreNormalsForChartDetection: 0
  m_ImportantGI: 0
  m_StitchLightmapSeams: 1
  m_SelectedEditorRenderState: 3
  m_MinimumChartSize: 4
  m_AutoUVMaxDistance: 0.5
  m_AutoUVMaxAngle: 89
  m_LightmapParameters: {fileID: 0}
  m_SortingLayerID: 0
  m_SortingLayer: 0
  m_SortingOrder: 0
--- !u!1 &312032371
GameObject:
  m_ObjectHideFlags: 0
  m_CorrespondingSourceObject: {fileID: 0}
  m_PrefabInstance: {fileID: 0}
  m_PrefabAsset: {fileID: 0}
  serializedVersion: 6
  m_Component:
  - component: {fileID: 312032372}
  - component: {fileID: 312032374}
  - component: {fileID: 312032373}
  m_Layer: 0
  m_Name: Terrain
  m_TagString: Untagged
  m_Icon: {fileID: 0}
  m_NavMeshLayer: 0
  m_StaticEditorFlags: 4294967295
  m_IsActive: 1
--- !u!4 &312032372
Transform:
  m_ObjectHideFlags: 0
  m_CorrespondingSourceObject: {fileID: 0}
  m_PrefabInstance: {fileID: 0}
  m_PrefabAsset: {fileID: 0}
  m_GameObject: {fileID: 312032371}
  m_LocalRotation: {x: -0, y: -0, z: -0.3350615, w: 0.94219625}
  m_LocalPosition: {x: -431, y: -2.307018, z: -523}
  m_LocalScale: {x: 1, y: 1, z: 1}
  m_Children: []
  m_Father: {fileID: 755567445362653622}
  m_RootOrder: 2
  m_LocalEulerAnglesHint: {x: 0, y: 0, z: -39.153004}
--- !u!218 &312032374
Terrain:
  m_ObjectHideFlags: 0
  m_CorrespondingSourceObject: {fileID: 0}
  m_PrefabInstance: {fileID: 0}
  m_PrefabAsset: {fileID: 0}
  m_GameObject: {fileID: 312032371}
  m_Enabled: 1
  serializedVersion: 5
  m_TerrainData: {fileID: 15600000, guid: 7b087512508898949a2868423337ae48, type: 2}
  m_TreeDistance: 5000
  m_TreeBillboardDistance: 50
  m_TreeCrossFadeLength: 5
  m_TreeMaximumFullLODCount: 50
  m_DetailObjectDistance: 80
  m_DetailObjectDensity: 1
  m_HeightmapPixelError: 5
  m_SplatMapDistance: 1000
  m_HeightmapMaximumLOD: 0
  m_ShadowCastingMode: 2
  m_DrawHeightmap: 1
  m_DrawInstanced: 0
  m_DrawTreesAndFoliage: 1
  m_ReflectionProbeUsage: 1
  m_MaterialTemplate: {fileID: 10652, guid: 0000000000000000f000000000000000, type: 0}
  m_BakeLightProbesForTrees: 1
  m_PreserveTreePrototypeLayers: 0
  m_DeringLightProbesForTrees: 1
  m_ScaleInLightmap: 0.0256
  m_LightmapParameters: {fileID: 15203, guid: 0000000000000000f000000000000000, type: 0}
  m_GroupingID: 0
  m_AllowAutoConnect: 1
--- !u!154 &312032373
TerrainCollider:
  m_ObjectHideFlags: 0
  m_CorrespondingSourceObject: {fileID: 0}
  m_PrefabInstance: {fileID: 0}
  m_PrefabAsset: {fileID: 0}
  m_GameObject: {fileID: 312032371}
  m_Material: {fileID: 0}
  m_Enabled: 1
  m_TerrainData: {fileID: 15600000, guid: 7b087512508898949a2868423337ae48, type: 2}
  m_EnableTreeColliders: 0
--- !u!1 &393570654
GameObject:
  m_ObjectHideFlags: 0
  m_CorrespondingSourceObject: {fileID: 0}
  m_PrefabInstance: {fileID: 0}
  m_PrefabAsset: {fileID: 0}
  serializedVersion: 6
  m_Component:
  - component: {fileID: 393570655}
  - component: {fileID: 393570656}
  m_Layer: 0
  m_Name: Point Light (1)
  m_TagString: Untagged
  m_Icon: {fileID: 0}
  m_NavMeshLayer: 0
  m_StaticEditorFlags: 0
  m_IsActive: 1
--- !u!4 &393570655
Transform:
  m_ObjectHideFlags: 0
  m_CorrespondingSourceObject: {fileID: 0}
  m_PrefabInstance: {fileID: 0}
  m_PrefabAsset: {fileID: 0}
  m_GameObject: {fileID: 393570654}
  m_LocalRotation: {x: 0.70202464, y: 0.084625416, z: 0.08462543, w: 0.70202464}
  m_LocalPosition: {x: -15.699998, y: 4.4203415, z: -32.74118}
  m_LocalScale: {x: 1, y: 1, z: 1}
  m_Children: []
  m_Father: {fileID: 755567445362653622}
  m_RootOrder: 9
  m_LocalEulerAnglesHint: {x: 103.74701, y: -90, z: -90}
--- !u!108 &393570656
Light:
  m_ObjectHideFlags: 0
  m_CorrespondingSourceObject: {fileID: 0}
  m_PrefabInstance: {fileID: 0}
  m_PrefabAsset: {fileID: 0}
  m_GameObject: {fileID: 393570654}
  m_Enabled: 1
  serializedVersion: 9
  m_Type: 0
  m_Color: {r: 0.8867924, g: 0.8357386, b: 0.53123885, a: 1}
  m_Intensity: 65.2
  m_Range: 10.9
  m_SpotAngle: 70.9
  m_InnerSpotAngle: 21.80208
  m_CookieSize: 10
  m_Shadows:
    m_Type: 1
    m_Resolution: -1
    m_CustomResolution: -1
    m_Strength: 1
    m_Bias: 0.05
    m_NormalBias: 0.4
    m_NearPlane: 0.2
    m_CullingMatrixOverride:
      e00: 1
      e01: 0
      e02: 0
      e03: 0
      e10: 0
      e11: 1
      e12: 0
      e13: 0
      e20: 0
      e21: 0
      e22: 1
      e23: 0
      e30: 0
      e31: 0
      e32: 0
      e33: 1
    m_UseCullingMatrixOverride: 0
  m_Cookie: {fileID: 2800000, guid: be3ad11b3464a2d4a84be4bd0c315f4d, type: 3}
  m_DrawHalo: 0
  m_Flare: {fileID: 0}
  m_RenderMode: 0
  m_CullingMask:
    serializedVersion: 2
    m_Bits: 4294967295
  m_RenderingLayerMask: 1
  m_Lightmapping: 4
  m_LightShadowCasterMode: 0
  m_AreaSize: {x: 1, y: 1}
  m_BounceIntensity: 1
  m_ColorTemperature: 6570
  m_UseColorTemperature: 0
  m_BoundingSphereOverride: {x: 0, y: 0, z: 0, w: 0}
  m_UseBoundingSphereOverride: 0
  m_ShadowRadius: 0
  m_ShadowAngle: 0
--- !u!1 &783112777
GameObject:
  m_ObjectHideFlags: 0
  m_CorrespondingSourceObject: {fileID: 0}
  m_PrefabInstance: {fileID: 0}
  m_PrefabAsset: {fileID: 0}
  serializedVersion: 6
  m_Component:
  - component: {fileID: 783112778}
  - component: {fileID: 783112779}
  m_Layer: 0
  m_Name: Point Light
  m_TagString: Untagged
  m_Icon: {fileID: 0}
  m_NavMeshLayer: 0
  m_StaticEditorFlags: 0
  m_IsActive: 1
--- !u!4 &783112778
Transform:
  m_ObjectHideFlags: 0
  m_CorrespondingSourceObject: {fileID: 0}
  m_PrefabInstance: {fileID: 0}
  m_PrefabAsset: {fileID: 0}
  m_GameObject: {fileID: 783112777}
  m_LocalRotation: {x: 0.70202464, y: 0.084625416, z: 0.08462543, w: 0.70202464}
  m_LocalPosition: {x: -15.699998, y: 4.4203415, z: 27.25882}
  m_LocalScale: {x: 1, y: 1, z: 1}
  m_Children: []
  m_Father: {fileID: 755567445362653622}
  m_RootOrder: 8
  m_LocalEulerAnglesHint: {x: 103.74701, y: -90, z: -90}
--- !u!108 &783112779
Light:
  m_ObjectHideFlags: 0
  m_CorrespondingSourceObject: {fileID: 0}
  m_PrefabInstance: {fileID: 0}
  m_PrefabAsset: {fileID: 0}
  m_GameObject: {fileID: 783112777}
  m_Enabled: 1
  serializedVersion: 9
  m_Type: 0
  m_Color: {r: 0.8867924, g: 0.8357386, b: 0.53123885, a: 1}
  m_Intensity: 65.2
  m_Range: 10.9
  m_SpotAngle: 70.9
  m_InnerSpotAngle: 21.80208
  m_CookieSize: 10
  m_Shadows:
    m_Type: 1
    m_Resolution: -1
    m_CustomResolution: -1
    m_Strength: 1
    m_Bias: 0.05
    m_NormalBias: 0.4
    m_NearPlane: 0.2
    m_CullingMatrixOverride:
      e00: 1
      e01: 0
      e02: 0
      e03: 0
      e10: 0
      e11: 1
      e12: 0
      e13: 0
      e20: 0
      e21: 0
      e22: 1
      e23: 0
      e30: 0
      e31: 0
      e32: 0
      e33: 1
    m_UseCullingMatrixOverride: 0
  m_Cookie: {fileID: 2800000, guid: be3ad11b3464a2d4a84be4bd0c315f4d, type: 3}
  m_DrawHalo: 0
  m_Flare: {fileID: 0}
  m_RenderMode: 0
  m_CullingMask:
    serializedVersion: 2
    m_Bits: 4294967295
  m_RenderingLayerMask: 1
  m_Lightmapping: 4
  m_LightShadowCasterMode: 0
  m_AreaSize: {x: 1, y: 1}
  m_BounceIntensity: 1
  m_ColorTemperature: 6570
  m_UseColorTemperature: 0
  m_BoundingSphereOverride: {x: 0, y: 0, z: 0, w: 0}
  m_UseBoundingSphereOverride: 0
  m_ShadowRadius: 0
  m_ShadowAngle: 0
--- !u!1 &1485808178
GameObject:
  m_ObjectHideFlags: 0
  m_CorrespondingSourceObject: {fileID: 0}
  m_PrefabInstance: {fileID: 0}
  m_PrefabAsset: {fileID: 0}
  serializedVersion: 6
  m_Component:
  - component: {fileID: 1485808179}
  - component: {fileID: 1485808180}
  m_Layer: 0
  m_Name: Point Light (2)
  m_TagString: Untagged
  m_Icon: {fileID: 0}
  m_NavMeshLayer: 0
  m_StaticEditorFlags: 0
  m_IsActive: 1
--- !u!4 &1485808179
Transform:
  m_ObjectHideFlags: 0
  m_CorrespondingSourceObject: {fileID: 0}
  m_PrefabInstance: {fileID: 0}
  m_PrefabAsset: {fileID: 0}
  m_GameObject: {fileID: 1485808178}
  m_LocalRotation: {x: 0.70202464, y: 0.084625416, z: 0.08462543, w: 0.70202464}
  m_LocalPosition: {x: -15.699998, y: 4.4203415, z: -12.741179}
  m_LocalScale: {x: 1, y: 1, z: 1}
  m_Children: []
  m_Father: {fileID: 755567445362653622}
  m_RootOrder: 6
  m_LocalEulerAnglesHint: {x: 103.74701, y: -90, z: -90}
--- !u!108 &1485808180
Light:
  m_ObjectHideFlags: 0
  m_CorrespondingSourceObject: {fileID: 0}
  m_PrefabInstance: {fileID: 0}
  m_PrefabAsset: {fileID: 0}
  m_GameObject: {fileID: 1485808178}
  m_Enabled: 1
  serializedVersion: 9
  m_Type: 0
  m_Color: {r: 0.8867924, g: 0.8357386, b: 0.53123885, a: 1}
  m_Intensity: 65.2
  m_Range: 10.9
  m_SpotAngle: 70.9
  m_InnerSpotAngle: 21.80208
  m_CookieSize: 10
  m_Shadows:
    m_Type: 1
    m_Resolution: -1
    m_CustomResolution: -1
    m_Strength: 1
    m_Bias: 0.05
    m_NormalBias: 0.4
    m_NearPlane: 0.2
    m_CullingMatrixOverride:
      e00: 1
      e01: 0
      e02: 0
      e03: 0
      e10: 0
      e11: 1
      e12: 0
      e13: 0
      e20: 0
      e21: 0
      e22: 1
      e23: 0
      e30: 0
      e31: 0
      e32: 0
      e33: 1
    m_UseCullingMatrixOverride: 0
  m_Cookie: {fileID: 2800000, guid: be3ad11b3464a2d4a84be4bd0c315f4d, type: 3}
  m_DrawHalo: 0
  m_Flare: {fileID: 0}
  m_RenderMode: 0
  m_CullingMask:
    serializedVersion: 2
    m_Bits: 4294967295
  m_RenderingLayerMask: 1
  m_Lightmapping: 4
  m_LightShadowCasterMode: 0
  m_AreaSize: {x: 1, y: 1}
  m_BounceIntensity: 1
  m_ColorTemperature: 6570
  m_UseColorTemperature: 0
  m_BoundingSphereOverride: {x: 0, y: 0, z: 0, w: 0}
  m_UseBoundingSphereOverride: 0
  m_ShadowRadius: 0
  m_ShadowAngle: 0
--- !u!1 &2069598634
GameObject:
  m_ObjectHideFlags: 0
  m_CorrespondingSourceObject: {fileID: 0}
  m_PrefabInstance: {fileID: 0}
  m_PrefabAsset: {fileID: 0}
  serializedVersion: 6
  m_Component:
  - component: {fileID: 2069598635}
  - component: {fileID: 2069598636}
  m_Layer: 0
  m_Name: Point Light (1)
  m_TagString: Untagged
  m_Icon: {fileID: 0}
  m_NavMeshLayer: 0
  m_StaticEditorFlags: 0
  m_IsActive: 1
--- !u!4 &2069598635
Transform:
  m_ObjectHideFlags: 0
  m_CorrespondingSourceObject: {fileID: 0}
  m_PrefabInstance: {fileID: 0}
  m_PrefabAsset: {fileID: 0}
  m_GameObject: {fileID: 2069598634}
  m_LocalRotation: {x: 0.70202464, y: 0.084625416, z: 0.08462543, w: 0.70202464}
  m_LocalPosition: {x: -15.699998, y: 4.4203415, z: 7.2588205}
  m_LocalScale: {x: 1, y: 1, z: 1}
  m_Children: []
  m_Father: {fileID: 755567445362653622}
  m_RootOrder: 7
  m_LocalEulerAnglesHint: {x: 103.74701, y: -90, z: -90}
--- !u!108 &2069598636
Light:
  m_ObjectHideFlags: 0
  m_CorrespondingSourceObject: {fileID: 0}
  m_PrefabInstance: {fileID: 0}
  m_PrefabAsset: {fileID: 0}
  m_GameObject: {fileID: 2069598634}
  m_Enabled: 1
  serializedVersion: 9
  m_Type: 0
  m_Color: {r: 0.8867924, g: 0.8357386, b: 0.53123885, a: 1}
  m_Intensity: 65.2
  m_Range: 10.9
  m_SpotAngle: 70.9
  m_InnerSpotAngle: 21.80208
  m_CookieSize: 10
  m_Shadows:
    m_Type: 1
    m_Resolution: -1
    m_CustomResolution: -1
    m_Strength: 1
    m_Bias: 0.05
    m_NormalBias: 0.4
    m_NearPlane: 0.2
    m_CullingMatrixOverride:
      e00: 1
      e01: 0
      e02: 0
      e03: 0
      e10: 0
      e11: 1
      e12: 0
      e13: 0
      e20: 0
      e21: 0
      e22: 1
      e23: 0
      e30: 0
      e31: 0
      e32: 0
      e33: 1
    m_UseCullingMatrixOverride: 0
  m_Cookie: {fileID: 2800000, guid: cedb6bcff62983744be942ee89c7ff90, type: 3}
  m_DrawHalo: 0
  m_Flare: {fileID: 0}
  m_RenderMode: 0
  m_CullingMask:
    serializedVersion: 2
    m_Bits: 4294967295
  m_RenderingLayerMask: 1
  m_Lightmapping: 4
  m_LightShadowCasterMode: 0
  m_AreaSize: {x: 1, y: 1}
  m_BounceIntensity: 1
  m_ColorTemperature: 6570
  m_UseColorTemperature: 0
  m_BoundingSphereOverride: {x: 0, y: 0, z: 0, w: 0}
  m_UseBoundingSphereOverride: 0
  m_ShadowRadius: 0
  m_ShadowAngle: 0
--- !u!1 &755567445362653617
GameObject:
  m_ObjectHideFlags: 0
  m_CorrespondingSourceObject: {fileID: 0}
  m_PrefabInstance: {fileID: 0}
  m_PrefabAsset: {fileID: 0}
  serializedVersion: 6
  m_Component:
  - component: {fileID: 755567445362653622}
  m_Layer: 0
  m_Name: '-----------Lighting---------- 1'
  m_TagString: Untagged
  m_Icon: {fileID: 0}
  m_NavMeshLayer: 0
  m_StaticEditorFlags: 0
  m_IsActive: 1
--- !u!4 &755567445362653622
Transform:
  m_ObjectHideFlags: 0
  m_CorrespondingSourceObject: {fileID: 0}
  m_PrefabInstance: {fileID: 0}
  m_PrefabAsset: {fileID: 0}
  m_GameObject: {fileID: 755567445362653617}
  m_LocalRotation: {x: 0, y: 0, z: 0, w: 1}
  m_LocalPosition: {x: 0, y: 2.007018, z: 0}
  m_LocalScale: {x: 1, y: 1, z: 1}
  m_Children:
  - {fileID: 755567446770739700}
  - {fileID: 1613850073499325826}
  - {fileID: 312032372}
  - {fileID: 121245109}
  - {fileID: 4848677032704783867}
  - {fileID: 6460035979814866257}
  - {fileID: 1485808179}
  - {fileID: 2069598635}
  - {fileID: 783112778}
  - {fileID: 393570655}
  m_Father: {fileID: 0}
  m_RootOrder: 0
  m_LocalEulerAnglesHint: {x: 0, y: 0, z: 0}
--- !u!1 &755567446770739703
GameObject:
  m_ObjectHideFlags: 0
  m_CorrespondingSourceObject: {fileID: 0}
  m_PrefabInstance: {fileID: 0}
  m_PrefabAsset: {fileID: 0}
  serializedVersion: 6
  m_Component:
  - component: {fileID: 755567446770739700}
  - component: {fileID: 755567446770739701}
  m_Layer: 0
  m_Name: Reflection Probe
  m_TagString: Untagged
  m_Icon: {fileID: 0}
  m_NavMeshLayer: 0
  m_StaticEditorFlags: 0
  m_IsActive: 1
--- !u!4 &755567446770739700
Transform:
  m_ObjectHideFlags: 0
  m_CorrespondingSourceObject: {fileID: 0}
  m_PrefabInstance: {fileID: 0}
  m_PrefabAsset: {fileID: 0}
  m_GameObject: {fileID: 755567446770739703}
  m_LocalRotation: {x: 0, y: 0, z: 0, w: 1}
  m_LocalPosition: {x: 4.52, y: 0, z: -1.59}
  m_LocalScale: {x: 1, y: 1, z: 1}
  m_Children: []
  m_Father: {fileID: 755567445362653622}
  m_RootOrder: 0
  m_LocalEulerAnglesHint: {x: 0, y: 0, z: 0}
--- !u!215 &755567446770739701
ReflectionProbe:
  m_ObjectHideFlags: 0
  m_CorrespondingSourceObject: {fileID: 0}
  m_PrefabInstance: {fileID: 0}
  m_PrefabAsset: {fileID: 0}
  m_GameObject: {fileID: 755567446770739703}
  m_Enabled: 1
  serializedVersion: 2
  m_Type: 0
  m_Mode: 1
  m_RefreshMode: 1
  m_TimeSlicingMode: 1
  m_Resolution: 128
  m_UpdateFrequency: 0
  m_BoxSize: {x: 20.202862, y: 5.6928844, z: 30.68089}
  m_BoxOffset: {x: 0.69569826, y: 0.4076643, z: 0.011648178}
  m_NearClip: 0.3
  m_FarClip: 1000
  m_ShadowDistance: 100
  m_ClearFlags: 1
  m_BackGroundColor: {r: 0.19215687, g: 0.3019608, b: 0.4745098, a: 0}
  m_CullingMask:
    serializedVersion: 2
    m_Bits: 4294967295
  m_IntensityMultiplier: 1
  m_BlendDistance: 1
  m_HDR: 0
  m_BoxProjection: 1
  m_RenderDynamicObjects: 0
  m_UseOcclusionCulling: 1
  m_Importance: 1
  m_CustomBakedTexture: {fileID: 0}
--- !u!1001 &446774304549314273
PrefabInstance:
  m_ObjectHideFlags: 0
  serializedVersion: 2
  m_Modification:
    m_TransformParent: {fileID: 755567445362653622}
    m_Modifications:
    - target: {fileID: -927199367670048503, guid: 17eed6bbbb3d711448305c8918942969,
        type: 3}
      propertyPath: m_Name
      value: Asset_Tunnel
      objectReference: {fileID: 0}
    - target: {fileID: -4216859302048453862, guid: 17eed6bbbb3d711448305c8918942969,
        type: 3}
      propertyPath: m_LocalPosition.x
      value: -3.39
      objectReference: {fileID: 0}
    - target: {fileID: -4216859302048453862, guid: 17eed6bbbb3d711448305c8918942969,
        type: 3}
      propertyPath: m_LocalPosition.y
      value: -2.1263
      objectReference: {fileID: 0}
    - target: {fileID: -4216859302048453862, guid: 17eed6bbbb3d711448305c8918942969,
        type: 3}
      propertyPath: m_LocalPosition.z
      value: -43.41
      objectReference: {fileID: 0}
    - target: {fileID: -4216859302048453862, guid: 17eed6bbbb3d711448305c8918942969,
        type: 3}
      propertyPath: m_LocalRotation.x
      value: 0
      objectReference: {fileID: 0}
    - target: {fileID: -4216859302048453862, guid: 17eed6bbbb3d711448305c8918942969,
        type: 3}
      propertyPath: m_LocalRotation.y
      value: -0
      objectReference: {fileID: 0}
    - target: {fileID: -4216859302048453862, guid: 17eed6bbbb3d711448305c8918942969,
        type: 3}
      propertyPath: m_LocalRotation.z
      value: -0
      objectReference: {fileID: 0}
    - target: {fileID: -4216859302048453862, guid: 17eed6bbbb3d711448305c8918942969,
        type: 3}
      propertyPath: m_LocalRotation.w
      value: 1
      objectReference: {fileID: 0}
    - target: {fileID: -4216859302048453862, guid: 17eed6bbbb3d711448305c8918942969,
        type: 3}
      propertyPath: m_RootOrder
      value: 4
      objectReference: {fileID: 0}
    - target: {fileID: -4216859302048453862, guid: 17eed6bbbb3d711448305c8918942969,
        type: 3}
      propertyPath: m_LocalEulerAnglesHint.x
      value: 0
      objectReference: {fileID: 0}
    - target: {fileID: -4216859302048453862, guid: 17eed6bbbb3d711448305c8918942969,
        type: 3}
      propertyPath: m_LocalEulerAnglesHint.y
      value: 0
      objectReference: {fileID: 0}
    - target: {fileID: -4216859302048453862, guid: 17eed6bbbb3d711448305c8918942969,
        type: 3}
      propertyPath: m_LocalEulerAnglesHint.z
      value: 0
      objectReference: {fileID: 0}
    - target: {fileID: -4216859302048453862, guid: 17eed6bbbb3d711448305c8918942969,
        type: 3}
      propertyPath: m_LocalScale.x
      value: 1.2806267
      objectReference: {fileID: 0}
    - target: {fileID: -4216859302048453862, guid: 17eed6bbbb3d711448305c8918942969,
        type: 3}
      propertyPath: m_LocalScale.y
      value: 1.2806267
      objectReference: {fileID: 0}
    - target: {fileID: -4216859302048453862, guid: 17eed6bbbb3d711448305c8918942969,
        type: 3}
      propertyPath: m_LocalScale.z
      value: 1.2806267
      objectReference: {fileID: 0}
    - target: {fileID: -1504981713932161579, guid: 17eed6bbbb3d711448305c8918942969,
        type: 3}
      propertyPath: m_Materials.Array.data[0]
      value: 
      objectReference: {fileID: 2100000, guid: 8e40d4dea15679d46810f9c5c2a5bbb8, type: 2}
    - target: {fileID: -1504981713932161579, guid: 17eed6bbbb3d711448305c8918942969,
        type: 3}
      propertyPath: m_Materials.Array.data[1]
      value: 
      objectReference: {fileID: 2100000, guid: a4a5471d02af08d429c0188ae3298cc9, type: 2}
    m_RemovedComponents: []
  m_SourcePrefab: {fileID: 100100000, guid: 17eed6bbbb3d711448305c8918942969, type: 3}
--- !u!4 &4848677032704783867 stripped
Transform:
  m_CorrespondingSourceObject: {fileID: -4216859302048453862, guid: 17eed6bbbb3d711448305c8918942969,
    type: 3}
  m_PrefabInstance: {fileID: 446774304549314273}
  m_PrefabAsset: {fileID: 0}
--- !u!1001 &755567444829177369
PrefabInstance:
  m_ObjectHideFlags: 0
  serializedVersion: 2
  m_Modification:
    m_TransformParent: {fileID: 755567445362653622}
    m_Modifications:
    - target: {fileID: 4221193058260736622, guid: fe34f8c8a6c7c5647bc860fc6fe6ad46,
        type: 3}
      propertyPath: m_Name
      value: Reflection Probe (Outdoors)
      objectReference: {fileID: 0}
    - target: {fileID: 2024891957835125659, guid: fe34f8c8a6c7c5647bc860fc6fe6ad46,
        type: 3}
      propertyPath: m_LocalPosition.x
      value: -10.94
      objectReference: {fileID: 0}
    - target: {fileID: 2024891957835125659, guid: fe34f8c8a6c7c5647bc860fc6fe6ad46,
        type: 3}
      propertyPath: m_LocalPosition.y
      value: 0
      objectReference: {fileID: 0}
    - target: {fileID: 2024891957835125659, guid: fe34f8c8a6c7c5647bc860fc6fe6ad46,
        type: 3}
      propertyPath: m_LocalPosition.z
      value: 0
      objectReference: {fileID: 0}
    - target: {fileID: 2024891957835125659, guid: fe34f8c8a6c7c5647bc860fc6fe6ad46,
        type: 3}
      propertyPath: m_LocalRotation.x
      value: 0
      objectReference: {fileID: 0}
    - target: {fileID: 2024891957835125659, guid: fe34f8c8a6c7c5647bc860fc6fe6ad46,
        type: 3}
      propertyPath: m_LocalRotation.y
      value: 0
      objectReference: {fileID: 0}
    - target: {fileID: 2024891957835125659, guid: fe34f8c8a6c7c5647bc860fc6fe6ad46,
        type: 3}
      propertyPath: m_LocalRotation.z
      value: 0
      objectReference: {fileID: 0}
    - target: {fileID: 2024891957835125659, guid: fe34f8c8a6c7c5647bc860fc6fe6ad46,
        type: 3}
      propertyPath: m_LocalRotation.w
      value: 1
      objectReference: {fileID: 0}
    - target: {fileID: 2024891957835125659, guid: fe34f8c8a6c7c5647bc860fc6fe6ad46,
        type: 3}
      propertyPath: m_RootOrder
      value: 1
      objectReference: {fileID: 0}
    - target: {fileID: 2024891957835125659, guid: fe34f8c8a6c7c5647bc860fc6fe6ad46,
        type: 3}
      propertyPath: m_LocalEulerAnglesHint.x
      value: 0
      objectReference: {fileID: 0}
    - target: {fileID: 2024891957835125659, guid: fe34f8c8a6c7c5647bc860fc6fe6ad46,
        type: 3}
      propertyPath: m_LocalEulerAnglesHint.y
      value: 0
      objectReference: {fileID: 0}
    - target: {fileID: 2024891957835125659, guid: fe34f8c8a6c7c5647bc860fc6fe6ad46,
        type: 3}
      propertyPath: m_LocalEulerAnglesHint.z
      value: 0
      objectReference: {fileID: 0}
    - target: {fileID: 4629887036270653814, guid: fe34f8c8a6c7c5647bc860fc6fe6ad46,
        type: 3}
      propertyPath: m_RefreshMode
      value: 1
      objectReference: {fileID: 0}
    - target: {fileID: 4629887036270653814, guid: fe34f8c8a6c7c5647bc860fc6fe6ad46,
        type: 3}
      propertyPath: m_BoxSize.x
      value: 24.005493
      objectReference: {fileID: 0}
    - target: {fileID: 4629887036270653814, guid: fe34f8c8a6c7c5647bc860fc6fe6ad46,
        type: 3}
      propertyPath: m_BoxOffset.x
      value: -5.5171733
      objectReference: {fileID: 0}
    - target: {fileID: 4629887036270653814, guid: fe34f8c8a6c7c5647bc860fc6fe6ad46,
        type: 3}
      propertyPath: m_HDR
      value: 0
      objectReference: {fileID: 0}
    - target: {fileID: 4629887036270653814, guid: fe34f8c8a6c7c5647bc860fc6fe6ad46,
        type: 3}
      propertyPath: m_Importance
      value: 2
      objectReference: {fileID: 0}
    m_RemovedComponents: []
  m_SourcePrefab: {fileID: 100100000, guid: fe34f8c8a6c7c5647bc860fc6fe6ad46, type: 3}
--- !u!4 &1613850073499325826 stripped
Transform:
  m_CorrespondingSourceObject: {fileID: 2024891957835125659, guid: fe34f8c8a6c7c5647bc860fc6fe6ad46,
    type: 3}
  m_PrefabInstance: {fileID: 755567444829177369}
  m_PrefabAsset: {fileID: 0}
--- !u!1001 &2079568677501544011
PrefabInstance:
  m_ObjectHideFlags: 0
  serializedVersion: 2
  m_Modification:
    m_TransformParent: {fileID: 755567445362653622}
    m_Modifications:
    - target: {fileID: -927199367670048503, guid: 17eed6bbbb3d711448305c8918942969,
        type: 3}
      propertyPath: m_Name
      value: Asset_Tunnel (1)
      objectReference: {fileID: 0}
    - target: {fileID: -4216859302048453862, guid: 17eed6bbbb3d711448305c8918942969,
        type: 3}
      propertyPath: m_LocalPosition.x
      value: -18.19
      objectReference: {fileID: 0}
    - target: {fileID: -4216859302048453862, guid: 17eed6bbbb3d711448305c8918942969,
        type: 3}
      propertyPath: m_LocalPosition.y
      value: -2.1263
      objectReference: {fileID: 0}
    - target: {fileID: -4216859302048453862, guid: 17eed6bbbb3d711448305c8918942969,
        type: 3}
      propertyPath: m_LocalPosition.z
      value: 32.43
      objectReference: {fileID: 0}
    - target: {fileID: -4216859302048453862, guid: 17eed6bbbb3d711448305c8918942969,
        type: 3}
      propertyPath: m_LocalRotation.x
      value: 0
      objectReference: {fileID: 0}
    - target: {fileID: -4216859302048453862, guid: 17eed6bbbb3d711448305c8918942969,
        type: 3}
      propertyPath: m_LocalRotation.y
      value: 1
      objectReference: {fileID: 0}
    - target: {fileID: -4216859302048453862, guid: 17eed6bbbb3d711448305c8918942969,
        type: 3}
      propertyPath: m_LocalRotation.z
      value: 0
      objectReference: {fileID: 0}
    - target: {fileID: -4216859302048453862, guid: 17eed6bbbb3d711448305c8918942969,
        type: 3}
      propertyPath: m_LocalRotation.w
      value: 0
      objectReference: {fileID: 0}
    - target: {fileID: -4216859302048453862, guid: 17eed6bbbb3d711448305c8918942969,
        type: 3}
      propertyPath: m_RootOrder
      value: 5
      objectReference: {fileID: 0}
    - target: {fileID: -4216859302048453862, guid: 17eed6bbbb3d711448305c8918942969,
        type: 3}
      propertyPath: m_LocalEulerAnglesHint.x
      value: 0
      objectReference: {fileID: 0}
    - target: {fileID: -4216859302048453862, guid: 17eed6bbbb3d711448305c8918942969,
        type: 3}
      propertyPath: m_LocalEulerAnglesHint.y
      value: 180
      objectReference: {fileID: 0}
    - target: {fileID: -4216859302048453862, guid: 17eed6bbbb3d711448305c8918942969,
        type: 3}
      propertyPath: m_LocalEulerAnglesHint.z
      value: 0
      objectReference: {fileID: 0}
    - target: {fileID: -4216859302048453862, guid: 17eed6bbbb3d711448305c8918942969,
        type: 3}
      propertyPath: m_LocalScale.x
      value: 1.2806267
      objectReference: {fileID: 0}
    - target: {fileID: -4216859302048453862, guid: 17eed6bbbb3d711448305c8918942969,
        type: 3}
      propertyPath: m_LocalScale.y
      value: 1.2806267
      objectReference: {fileID: 0}
    - target: {fileID: -4216859302048453862, guid: 17eed6bbbb3d711448305c8918942969,
        type: 3}
      propertyPath: m_LocalScale.z
      value: 1.2806267
      objectReference: {fileID: 0}
    - target: {fileID: -1504981713932161579, guid: 17eed6bbbb3d711448305c8918942969,
        type: 3}
      propertyPath: m_Materials.Array.data[0]
      value: 
      objectReference: {fileID: 2100000, guid: 8e40d4dea15679d46810f9c5c2a5bbb8, type: 2}
    - target: {fileID: -1504981713932161579, guid: 17eed6bbbb3d711448305c8918942969,
        type: 3}
      propertyPath: m_Materials.Array.data[1]
      value: 
      objectReference: {fileID: 2100000, guid: a4a5471d02af08d429c0188ae3298cc9, type: 2}
    m_RemovedComponents: []
  m_SourcePrefab: {fileID: 100100000, guid: 17eed6bbbb3d711448305c8918942969, type: 3}
--- !u!4 &6460035979814866257 stripped
Transform:
  m_CorrespondingSourceObject: {fileID: -4216859302048453862, guid: 17eed6bbbb3d711448305c8918942969,
    type: 3}
  m_PrefabInstance: {fileID: 2079568677501544011}
  m_PrefabAsset: {fileID: 0}
