%YAML 1.1
%TAG !u! tag:unity3d.com,2011:
--- !u!1 &7984658625072176164
GameObject:
  m_ObjectHideFlags: 0
  m_CorrespondingSourceObject: {fileID: 0}
  m_PrefabInstance: {fileID: 0}
  m_PrefabAsset: {fileID: 0}
  serializedVersion: 6
  m_Component:
  - component: {fileID: 7984658625072176166}
  - component: {fileID: 7984658625072176167}
  - component: {fileID: 4002746392304344799}
  - component: {fileID: 4002746392304344792}
  - component: {fileID: 754690415}
  - component: {fileID: 754690417}
  - component: {fileID: 1448702534}
  m_Layer: 0
  m_Name: Managers
  m_TagString: Untagged
  m_Icon: {fileID: 0}
  m_NavMeshLayer: 0
  m_StaticEditorFlags: 0
  m_IsActive: 1
--- !u!4 &7984658625072176166
Transform:
  m_ObjectHideFlags: 0
  m_CorrespondingSourceObject: {fileID: 0}
  m_PrefabInstance: {fileID: 0}
  m_PrefabAsset: {fileID: 0}
  m_GameObject: {fileID: 7984658625072176164}
  m_LocalRotation: {x: 0, y: 0, z: 0, w: 1}
  m_LocalPosition: {x: -1.6763203, y: 4.970153, z: -10.310797}
  m_LocalScale: {x: 1, y: 1, z: 1}
  m_Children: []
  m_Father: {fileID: 0}
  m_RootOrder: 0
  m_LocalEulerAnglesHint: {x: 0, y: 0, z: 0}
--- !u!114 &7984658625072176167
MonoBehaviour:
  m_ObjectHideFlags: 0
  m_CorrespondingSourceObject: {fileID: 0}
  m_PrefabInstance: {fileID: 0}
  m_PrefabAsset: {fileID: 0}
  m_GameObject: {fileID: 7984658625072176164}
  m_Enabled: 1
  m_EditorHideFlags: 0
  m_Script: {fileID: 11500000, guid: 240b6964fed700c4eb53d64144f6c4fe, type: 3}
  m_Name: 
  m_EditorClassIdentifier: 
  coin: {fileID: 0}
  coin_poppedDownSize: {x: 100, y: 100}
  coin_poppedUpSize: {x: 130, y: 130}
  computerMoneyText: {fileID: 0}
  moneyText: {fileID: 0}
  updateText_defaultPos: {x: -39, y: -81}
  updateText: {fileID: 0}
  money: 600000
--- !u!114 &4002746392304344799
MonoBehaviour:
  m_ObjectHideFlags: 0
  m_CorrespondingSourceObject: {fileID: 0}
  m_PrefabInstance: {fileID: 0}
  m_PrefabAsset: {fileID: 0}
  m_GameObject: {fileID: 7984658625072176164}
  m_Enabled: 1
  m_EditorHideFlags: 0
  m_Script: {fileID: 11500000, guid: 1a72f6bb6a64ecf489eec9a8f11cac14, type: 3}
  m_Name: 
  m_EditorClassIdentifier: 
  chanceOfChangingEffectivenessEachDay: 15
  greatEffectivenessHints_Newspapers:
  - Overseas sports games are occurring at night. Locals are buying newspapers to
    see the scores in the mornings.
  - The local election polls are being updated in the newspaper every morning.
  - A recent study suggested that people still like the physical look and feel of
    paper media sources.
  - A popular newspaper company is releasing a new magazine this week.
  greatEffectivenessHints_Billboards:
  - Holidays are here and people are hitting the highways to travel.
  - Traffic is insane! People are stuck in traffic every day. Billboards have high
    visibility.
  - A Carnival is in town! People are lining up in their cars to get a car park.
  greatEffectivenessHints_Websites:
  - Our website has had a recent peak in visitor activity.
  - Social media has become popular recently.
  - Web browing on mobile phones has become popular!
  greatEffectivenessHints_Television:
  - A popular T.V show is on tonight.
  - Cold weather is keeping people inside.
  - A major sporting event is playing interstate. Locals will be watching it on T.V.
    this weekend.
  - An exciting new T.V. show is premiering tonight.
  poorEffectivenessHints_Newspapers:
  - The cost of newspapers have risen due to a lack of sales.
  - Newspaper sales have dropped recently.
  - A competitor company has recently spent big dollars on newspaper advertising
  poorEffectivenessHints_Billboards:
  - A dust storm has hit town. It's hard to see billboards!
  - Vandalism reports have risen in the city.
  - Lots of fog in town this year round. Billboards are barely visible.
  poorEffectivenessHints_Websites:
  - A new ad blocker software has been released this week.
  - Our website is having some connectivity issues.
  poorEffectivenessHints_Television:
  - There is a major festival held in town this weekend. Most people won't be home.
  - The city has been hit with a blackout!
  currentEffectivenessHints: []
  hintsText: {fileID: 0}
  statusText: {fileID: 0}
  moneySpentText:
  - {fileID: 0}
  - {fileID: 0}
  - {fileID: 0}
  - {fileID: 0}
  moneySpent:
  - {fileID: 0}
  - {fileID: 0}
  - {fileID: 0}
  - {fileID: 0}
  dollarValuePerCustomer: 5
--- !u!114 &4002746392304344792
MonoBehaviour:
  m_ObjectHideFlags: 0
  m_CorrespondingSourceObject: {fileID: 0}
  m_PrefabInstance: {fileID: 0}
  m_PrefabAsset: {fileID: 0}
  m_GameObject: {fileID: 7984658625072176164}
  m_Enabled: 1
  m_EditorHideFlags: 0
  m_Script: {fileID: 11500000, guid: 8d005826eae7aa5419f865c6b07ed299, type: 3}
  m_Name: 
  m_EditorClassIdentifier: 
  itemSelected: {fileID: 0}
  office: {fileID: 0}
  buildingManager: {fileID: 0}
  menu: {fileID: 0}
  viewManager: {fileID: 0}
  editMode_ui: {fileID: 0}
  content: {fileID: 0}
--- !u!114 &754690415
MonoBehaviour:
  m_ObjectHideFlags: 0
  m_CorrespondingSourceObject: {fileID: 0}
  m_PrefabInstance: {fileID: 0}
  m_PrefabAsset: {fileID: 0}
  m_GameObject: {fileID: 7984658625072176164}
  m_Enabled: 1
  m_EditorHideFlags: 0
  m_Script: {fileID: 11500000, guid: e01536db09eb6f94bafd76cb46e8d4f4, type: 3}
  m_Name: 
  m_EditorClassIdentifier: 
  notificationBar: {fileID: 0}
  timeShown: 5
  poppedUpPos: {x: 0, y: -56}
  poppedDownPos: {x: 0, y: 102}
--- !u!114 &754690417
MonoBehaviour:
  m_ObjectHideFlags: 0
  m_CorrespondingSourceObject: {fileID: 0}
  m_PrefabInstance: {fileID: 0}
  m_PrefabAsset: {fileID: 0}
  m_GameObject: {fileID: 7984658625072176164}
  m_Enabled: 1
  m_EditorHideFlags: 0
  m_Script: {fileID: 11500000, guid: 8a95828f502ee4b46bd72af092d22c67, type: 3}
  m_Name: 
  m_EditorClassIdentifier: 
  economy: {fileID: 7984658625072176167}
  buildingManager: {fileID: 0}
  advertisingManager: {fileID: 4002746392304344799}
  amounts:
  - {fileID: 0}
  - {fileID: 0}
  - {fileID: 0}
  - {fileID: 0}
  buttons:
  - {fileID: 0}
  - {fileID: 0}
  - {fileID: 0}
  - {fileID: 0}
  dueText:
  - {fileID: 0}
  - {fileID: 0}
  - {fileID: 0}
  - {fileID: 0}
  taxPercent: 0.2
  rentCostPerRoom: 10
  electricityCostBaseRate: 10
  electricityCostPerMachine: 5
  daysUntilOverdue: 7
  overdueInterestPercent: 5
--- !u!114 &1448702534
MonoBehaviour:
  m_ObjectHideFlags: 0
  m_CorrespondingSourceObject: {fileID: 0}
  m_PrefabInstance: {fileID: 0}
  m_PrefabAsset: {fileID: 0}
  m_GameObject: {fileID: 7984658625072176164}
  m_Enabled: 1
  m_EditorHideFlags: 0
  m_Script: {fileID: 11500000, guid: da290b4bdd998f14b88205657a99fcdb, type: 3}
  m_Name: 
  m_EditorClassIdentifier: 
  autoSaveFrequency: 100
  saveIconDisplayTime: 4
  saveIcon: {fileID: 0}
  gameData:
    playerData:
      playerPos: {x: 0, y: 0, z: 0}
      playerRot: {x: 0, y: 0, z: 0}
    AIData: []
    cycleData:
      weekText: 
      timeText: 
      timeOfDay: 0
      sunPos: {x: 0, y: 0, z: 0}
      sunRotation: {x: 0, y: 0, z: 0}
      dayCount: 0
      isDay: 0
    itemsData: []
    AIDayCount: 0
    economyData:
      money: 0
      dayData: []
    DestroyedGrids: []
    gender: 
    arcadeName: 
    roomData: []
    lightActive: 
    saveTime: 
  itemAssetsLocation: Assets/Prefabs/PlaceableObjects
  fileName: 
  AISpawner: {fileID: 0}
  arcadeNameDisplay: {fileID: 0}
  debug: 0
  rooms:
  - {fileID: 0}
  - {fileID: 0}
  - {fileID: 0}
  - {fileID: 0}
  - {fileID: 0}
  - {fileID: 0}
  lights:
  - {fileID: 0}
  - {fileID: 0}
  - {fileID: 0}
  - {fileID: 0}
  - {fileID: 0}
