%YAML 1.1
%TAG !u! tag:unity3d.com,2011:
--- !u!1 &8995892658005061634
GameObject:
  m_ObjectHideFlags: 0
  m_CorrespondingSourceObject: {fileID: 0}
  m_PrefabInstance: {fileID: 0}
  m_PrefabAsset: {fileID: 0}
  serializedVersion: 6
  m_Component:
  - component: {fileID: 8995892658005061632}
  - component: {fileID: 8995892658005061635}
  - component: {fileID: 8995892658005061633}
  - component: {fileID: 169067470}
  - component: {fileID: 169067471}
  m_Layer: 0
  m_Name: Building Manager
  m_TagString: Untagged
  m_Icon: {fileID: 0}
  m_NavMeshLayer: 0
  m_StaticEditorFlags: 0
  m_IsActive: 1
--- !u!4 &8995892658005061632
Transform:
  m_ObjectHideFlags: 0
  m_CorrespondingSourceObject: {fileID: 0}
  m_PrefabInstance: {fileID: 0}
  m_PrefabAsset: {fileID: 0}
  m_GameObject: {fileID: 8995892658005061634}
  m_LocalRotation: {x: 0, y: 0, z: 0, w: 1}
  m_LocalPosition: {x: -14.525154, y: 18.97289, z: -14.498359}
  m_LocalScale: {x: 1, y: 1, z: 1}
  m_Children: []
  m_Father: {fileID: 0}
  m_RootOrder: 0
  m_LocalEulerAnglesHint: {x: 0, y: 0, z: 0}
--- !u!114 &8995892658005061635
MonoBehaviour:
  m_ObjectHideFlags: 0
  m_CorrespondingSourceObject: {fileID: 0}
  m_PrefabInstance: {fileID: 0}
  m_PrefabAsset: {fileID: 0}
  m_GameObject: {fileID: 8995892658005061634}
  m_Enabled: 1
  m_EditorHideFlags: 0
  m_Script: {fileID: 11500000, guid: 538e87d8de435b14e96b3b0e1f62662c, type: 3}
  m_Name: 
  m_EditorClassIdentifier: 
  buildingManager: {fileID: 8995892658005061633}
  currentCell: {fileID: 0}
--- !u!114 &8995892658005061633
MonoBehaviour:
  m_ObjectHideFlags: 0
  m_CorrespondingSourceObject: {fileID: 0}
  m_PrefabInstance: {fileID: 0}
  m_PrefabAsset: {fileID: 0}
  m_GameObject: {fileID: 8995892658005061634}
  m_Enabled: 1
  m_EditorHideFlags: 0
  m_Script: {fileID: 11500000, guid: e36b72a6231572f4d9398eb9485785c2, type: 3}
  m_Name: 
  m_EditorClassIdentifier: 
  placement: {fileID: 0}
  conditions: {fileID: 0}
  grid: {fileID: 8995892658005061635}
  grids: []
  highlightedItem: {fileID: 0}
  selectedItem: {fileID: 0}
  cursor: {fileID: 0}
  generatedGrids: []
  unlockedGrids: []
  unlockedRooms: 1
  destoryedGrids: []
  highlightedWall: {fileID: 0}
  highlightedSectionProps: {fileID: 0}
  economy: {fileID: 0}
  wallMask:
    serializedVersion: 2
    m_Bits: 2048
  player: {fileID: 0}
  editorUI: {fileID: 0}
  _cursorDisplay: {fileID: 0}
  _CursorText: {fileID: 2800000, guid: b5902597cfb27ca43ba542c22b410ece, type: 3}
  eventSystem: {fileID: 0}
  firstSelected: {fileID: 0}
  buyRoomButtons: []
  purchaseMode: 0
  editMode: 0
  destroyWallMode: 0
  quitting: 0
  cleaningMode: 0
  cleaningButtons:
  - {fileID: 0}
  - {fileID: 0}
  - {fileID: 0}
  - {fileID: 0}
  - {fileID: 0}
  - {fileID: 0}
  confirmationPanel: {fileID: 0}
  errorPanel: {fileID: 0}
  panelHeaderText: {fileID: 0}
  deleteButton: {fileID: 0}
  officeUI: {fileID: 0}
--- !u!114 &169067470
MonoBehaviour:
  m_ObjectHideFlags: 0
  m_CorrespondingSourceObject: {fileID: 0}
  m_PrefabInstance: {fileID: 0}
  m_PrefabAsset: {fileID: 0}
  m_GameObject: {fileID: 8995892658005061634}
  m_Enabled: 1
  m_EditorHideFlags: 0
  m_Script: {fileID: 11500000, guid: f6121e44079415d4a969faaf64bc8491, type: 3}
  m_Name: 
  m_EditorClassIdentifier: 
  pauseButton: {fileID: 0}
  playButton: {fileID: 0}
--- !u!114 &169067471
MonoBehaviour:
  m_ObjectHideFlags: 0
  m_CorrespondingSourceObject: {fileID: 0}
  m_PrefabInstance: {fileID: 0}
  m_PrefabAsset: {fileID: 0}
  m_GameObject: {fileID: 8995892658005061634}
  m_Enabled: 0
  m_EditorHideFlags: 0
  m_Script: {fileID: 11500000, guid: 88777ed9c8016384e81e7643bebde678, type: 3}
  m_Name: 
  m_EditorClassIdentifier: 
  wallsRenders:
  - {fileID: 0}
  - {fileID: 0}
  - {fileID: 0}
  - {fileID: 0}
  - {fileID: 0}
  - {fileID: 0}
  - {fileID: 0}
  - {fileID: 0}
  - {fileID: 0}
  - {fileID: 0}
  - {fileID: 0}
  - {fileID: 0}
  - {fileID: 0}
  - {fileID: 0}
  - {fileID: 0}
  - {fileID: 0}
  - {fileID: 0}
  alphaValue: 0.5
  buildingManager: {fileID: 8995892658005061633}
  overlapBox: {fileID: 0}
  layerMask:
    serializedVersion: 2
    m_Bits: 2048
